2189 3011
1111 106 1164 145 22

983 224 1020 252 v.
1044 210 1277 252 auo—30⁰.

368 264 414 301 V.
443 263 515 302 201
548 263 660 302 codd.
689 266 823 302 contra
849 269 1012 304 metrum
1041 265 1186 314 ἐπέστη.
1210 268 1377 302 nostram
1405 263 1724 314 emendationem,
1752 269 1793 302 ut
1818 263 1936 301 modo
1959 275 2010 302 cx

261 319 371 357 Alex.
401 318 502 355 notis
529 317 657 366 uideo,
691 320 992 369 praeoccupauit
1020 319 1156 358 doctus
1183 317 1394 357 Britannus.
1429 317 1467 355 in
1496 318 1589 355 Νῶε
1615 319 1719 369 prior
1750 316 1897 368 syllaba
1923 328 2009 356 cor-

261 373 406 423 ripitur,
435 372 534 409 sicut
558 383 594 409 v.
624 370 713 408 126.
741 371 835 409 241.
863 372 955 412 275.
998 374 1041 411 In
1069 374 1241 424 proximo
1269 382 1384 410 uersu
1405 370 1517 409 codd.
1544 370 1574 409 F
1590 370 1620 409 L
1636 371 1670 409 R
1699 368 1796 409 ὄσσα
1809 383 1867 408 τοι
1881 367 2008 420 ἤματι.

259 426 331 463 sed
357 436 473 475 saepe
501 425 540 461 in
568 425 732 462 oraculis
759 421 863 475 ἦμαρ
894 426 990 464 facit
1021 427 1182 475 hiatum,
1219 430 1260 463 ut
1287 424 1364 462 dixi
1395 425 1435 462 in
1462 424 1612 463 dissert.
1639 437 1676 475 p.
1704 426 1744 463 8.
1772 445 1825 453 —
1852 424 1901 462 V.
1920 424 2008 462 ⁷2⁰7

259 478 369 516 codd.
399 475 640 528 τετραπόδων
666 478 771 524 φῦλα
796 481 862 514 καὶ
885 477 1054 529 ἑρπετῶν
1080 483 1146 516 καὶ
1172 480 1366 526 πετεηνῶν.
1393 477 1444 515 cf.
1468 477 1618 516 dissert.
1646 490 1682 528 p.
1708 478 1774 515 21.
1803 477 1852 515 de
1872 488 2009 515 uersus

258 533 363 569 exitu
393 531 442 568 cf.
471 543 509 568 v.
534 530 580 567 Π.
607 530 698 568 235.
729 530 793 567 III.
821 531 886 568 28.
917 553 966 558 -
996 533 1045 570 V.
1060 533 1140 570 209
1169 531 1279 569 codd.
1308 535 1538 582 προφανέως.
1566 531 1733 568 correxit
1751 530 1898 582 Opsop.
1921 533 2010 580 post

259 589 482 635 sequentem
511 595 664 622 uersum
692 584 875 621 nonnulla
908 585 1099 625 excidisse
1134 585 1320 624 uidentur.
1348 606 1398 612 —-
1438 584 1487 622 V.
1510 584 1590 623 213
1623 583 1684 623 Pr.
1717 585 1756 622 in
1782 584 1857 622 fine
1895 583 2009 622 habet

258 637 397 688 ῥαῖξαι.
426 639 505 674 rell.
535 636 640 686 ῥέξαι
665 638 748 674 sine
775 649 902 675 sensu.
932 639 1036 688 quod
1064 641 1153 676 olim
1195 639 1305 676 Alex.
1334 638 1438 675 dedit
1470 634 1582 685 ἤθελ’
1609 636 1732 688 ἐέρξαι
1773 637 1907 675 durum
1935 642 2006 674 est.

258 691 348 728 mihi
375 696 480 727 certa
510 691 593 727 uisa
621 695 681 727 est
709 690 927 728 emendatio
965 692 1038 728 An.
1075 691 1157 730 Par.
1187 691 1234 729 de
1267 702 1341 742 qua
1372 692 1481 729 Alex.
1501 689 1700 740 ‘speciosa
1727 700 1819 728 sane
1853 690 2008 727 coniec-

258 740 355 782 tura'
383 744 504 792 inquit
523 742 771 792 ‘quamquam
800 750 1012 792 praestaret
1041 744 1257 794 ῥύσασθαι,
1299 746 1332 781 si
1365 745 1453 781 talia
1487 755 1638 794 semper
1669 748 1846 787 curarent
1880 742 2007 792 Sibyl·

257 792 393 836 listae’.
423 818 473 824 —
505 796 554 835 V.
583 795 663 835 215
697 794 748 839 εἰς
770 793 902 846 πλάγι1
930 797 1076 850 Opsop.
1106 803 1211 837 recte
1240 797 1344 837 dedit
1371 810 1420 836 ex
1447 797 1597 837 emend.
1623 796 1801 836 Turnebi.
1831 797 2009 837 codicum

259 853 468 900 scripturae
497 852 662 897 πλάγιον
690 852 853 898 (πλάγιν
881 852 925 900 F,
963 853 1104 888 πλάσιν
1131 852 1160 888 L
1189 851 1242 901 R)
1272 857 1377 888 ortae
1407 859 1494 889 sunt
1522 863 1543 888 e
1571 851 1799 900 compendio
1827 853 1925 888 male
1951 851 2007 887 in·

258 905 424 943 tellecto.
455 925 499 930 —
531 903 579 941 V.
608 902 686 942 221
716 902 899 941 ἐλλύοντο
930 910 1017 954 post
1045 905 1177 943 Aurat.
1207 905 1292 943 edd.
1322 917 1466 943 omnes.
1493 905 1602 942 codd.
1628 905 1792 942 ἐλύοντο.
1818 905 2009 955 geminata

257 959 382 996 littera
409 957 569 994 offendit
595 957 772 994 Boisson.
802 958 849 994 ad
878 958 1053 995 Philostr.
1085 971 1171 1007 epp.
1201 972 1236 1007 p.
1266 959 1352 995 196.
1382 959 1450 995 sed
1478 970 1565 995 cum
1599 957 1759 1004 ἔλλαβε,
1789 957 2008 1004 ἐλλιτάνευε

257 1012 424 1048 feramus
448 1011 487 1047 in
515 1009 688 1047 Homero
713 1015 752 1047 et
779 1011 971 1060 geminata
997 1011 1123 1048 littera
1149 1012 1188 1048 in
1215 1011 1464 1049 commissura
1492 1010 1666 1049 uocabuli
1693 1011 1898 1061 compositi
1925 1011 2007 1048 sine

259 1066 335 1101 ulla
362 1063 574 1100 offensione
612 1065 679 1111 sit,
712 1065 842 1113 quidni
869 1066 959 1101 talia
988 1064 1157 1112 Sibyllae
1187 1065 1461 1112 condonemus,
1494 1065 1642 1101 etiamsi
1668 1064 1826 1101 codices
1857 1065 1897 1101 in
1924 1064 2008 1100 eius

257 1117 360 1155 modi
387 1115 501 1155 rebus
526 1117 653 1155 securi
682 1116 928 1158 dissentiant?
950 1117 989 1155 in
1005 1118 1180 1168 proximo
1201 1129 1315 1156 uersu
1339 1118 1474 1167 scripsi
1500 1114 1797 1165 ἄναοιγομὲνων,
1816 1117 2008 1167 quodiam

259 1173 361 1218 olim,
388 1172 607 1208 Alexandro
635 1176 748 1219 teste,
778 1171 891 1208 docta
918 1183 1054 1208 manus
1070 1171 1298 1208 Castalionis
1326 1172 1484 1220 margini
1511 1171 1721 1221 adscripsit.
1749 1172 1859 1208 codd.
1888 1167 2007 1207 ἄνεοι-

258 1229 433 1273 γομένων
460 1229 499 1262 et
529 1221 795 1272 ἆνεοιγμένων.
823 1246 871 1251 —
900 1225 949 1262 V.
979 1224 1059 1263 233
1087 1224 1200 1262 codd.
1229 1227 1294 1261 καὶ
1330 1226 1463 1273 μυχῶν
1488 1230 1595 1272 γαίης
1621 1228 1685 1262 καὶ
1717 1221 1895 1272 ἀβύσσον.
1924 1236 2007 1261 cor-

260 1280 342 1315 rexi
368 1284 521 1327 propter
550 1278 781 1327 prosodiam,
810 1279 848 1314 in
877 1289 951 1328 qua
979 1278 1211 1315 immutanda
1240 1279 1356 1315 multa
1383 1277 1455 1315 sibi
1482 1284 1755 1315 concesserunt
1777 1277 2007 1327 Sibyllistae‚

261 1332 435 1382 quotiens
463 1332 621 1369 aliorum
650 1337 848 1381 poetarum
878 1333 1053 1381 exempla
1082 1343 1159 1368 non
1175 1331 1344 1379 deerant,
1373 1343 1450 1368 non
1476 1333 1612 1369 omnia.
1642 1353 1692 1359 —
1721 1333 1768 1369 V.
1790 1331 1867 1370 225
1896 1331 2006 1368 codd.

259 1387 364 1420 πᾶσα
392 1383 600 1432 ἂπειρέσιος
627 1396 745 1432 prauo
774 1386 888 1420 hiatu.
926 1382 1136 1433 ἀπειρέσιος
1170 1396 1257 1420 cum
1295 1384 1340 1418 ab
1374 1385 1455 1420 aliis
1483 1395 1762 1434 nonnunquam,
1790 1390 1870 1421 tum
1899 1395 1921 1420 a
1950 1384 2007 1421 Si-

261 1436 363 1487 bylla
391 1449 504 1489 saepe
535 1437 756 1488 producitur
784 1437 1104 1489 quemadmodum
1140 1450 1177 1476 v,
1208 1437 1296 1475 235.
1327 1437 1396 1476 sed
1424 1439 1546 1476 hiatus
1573 1439 1754 1476 ferendus
1783 1444 1841 1476 est
1868 1439 1907 1476 in
1934 1438 2007 1475 fine

259 1503 405 1529 uersus.
448 1494 588 1529 etenim
630 1505 741 1540 quam
783 1494 974 1528 licentiam
1019 1493 1212 1528 Homerus
1254 1497 1340 1540 post
1382 1493 1541 1541 primum
1576 1498 1614 1528 et
1646 1496 1817 1541 quartum
1857 1491 2008 1541 pedem,

261 1545 419 1583 eandem
448 1547 560 1584 etiam
588 1552 674 1596 post
702 1546 855 1584 tertium
879 1553 917 1584 et
946 1546 1115 1596 quintum
1143 1545 1279 1595 pedem
1310 1544 1503 1593 Sibyllista
1531 1545 1601 1583 sibi
1631 1547 1839 1593 concessit,
1867 1547 1906 1582 in
1933 1546 2007 1594 pri-

259 1601 331 1634 mis
365 1598 447 1634 libri
487 1601 596 1649 primi
637 1605 676 1635 et
717 1600 877 1636 secundi
919 1606 1053 1636 auctor
1088 1604 1127 1636 et
1160 1609 1208 1635 ne
1246 1599 1319 1635 hoc
1360 1598 1511 1648 quidem
1540 1599 1620 1636 sine
1651 1598 1834 1649 exemplis
1863 1597 2006 1636 Home-

259 1653 360 1692 ricis.
390 1652 438 1690 cf.
468 1653 686 1691 Hoffmann.
717 1654 889 1699 Quaestt.
920 1653 1034 1692 Hom.
1066 1654 1099 1701 ξ.
1130 1652 1192 1690 64.
1223 1653 1285 1690 66.

365 1707 412 1742 V.
442 1708 516 1744 231
547 1713 636 1746 antt.
667 1707 778 1744 codd.
809 1706 936 1755 ἔθετο,
976 1717 1105 1743 errore
1135 1705 1284 1742 librarii.
1323 1703 1518 1754 ε’σαθρήσῃ
1546 1706 1583 1741 ἰη
1612 1705 1684 1742 fine
1713 1717 1848 1742 uersus
1876 1717 2005 1743 emen-

259 1758 346 1796 daui
374 1767 526 1810 propter
554 1761 744 1809 syntaxin.
775 1783 827 1788 -
857 1761 904 1797 V.
934 1760 1024 1798 233.
1053 1765 1173 1806 τείχου
1201 1758 1312 1796 codd.
1342 1758 1478 1796 Friedl.
1510 1764 1633 1805 τοίχου
1661 1759 1801 1809 Opsop.
1822 1759 1932 1796 Alex.
1954 1779 2006 1786 —

258 1814 306 1850 V.
328 1813 407 1850 234
430 1812 680 1862 ‘Alexander‚
710 1815 747 1851 in
774 1816 861 1862 fine,
889 1815 1022 1863 inquit7
1052 1814 1248 1850 soloecum
1279 1817 1338 1849 est
1366 1810 1612 1860 ἁρμοσθέντα
1640 1824 1707 1862 pro
1737 1810 1939 1861 ἆρμοσθέν
1958 1824 2007 1849 ex

258 1867 373 1904 nimia
401 1867 589 1905 scribendi
623 1868 879 1905 festinatione.
912 1867 981 1905 sed
1009 1869 1096 1916 lege
1127 1862 1408 1916 ἆρμοσθέι’τος.’
1434 1865 1549 1902 uerba
1577 1874 1662 1903 sunt
1696 1866 1844 1904 dissert.
1875 1879 1910 1916 p.
1941 1868 2006 1913 21,

263 1931 337 1968 quo
365 1926 535 1969 tempore
564 1921 781 1958 nesciebam
811 1922 911 1958 idem
946 1922 1020 1956 iam
1037 1921 1181 1969 Opsop.
1210 1920 1465 1968 proposuisse.
1497 1930 1564 1967 pro
1593 1918 1747 1968 ἆρμοῑσι
1770 1915 1856 1955 κατ’
1882 1915 2007 1954 ἀντίον

260 1973 422 2012 fortasse
463 1973 701 2013 scribendum
743 1980 803 2012 est
837 1973 974 2025 ἁρμοῖς
1013 1974 1268 2010 κατεναντιόν.
1300 1997 1347 2002 —-
1392 1972 1439 2009 V.
1470 1971 1545 2009 236
1579 1973 1689 2010 codd.
1722 1974 1884 2010 πάντοσε
1918 1969 2006 2011 Nu?

260 2025 393 2076 ἔμορεν
421 2024 680 2075 ὀφθαλμοῖσιν
709 2027 899 2079 ὁρᾶσθαι,
936 2028 1036 2065 unde
1071 2028 1214 2076 Opsop.
1244 2027 1337 2062 fecit
1365 2040 1403 2062 π.
1433 2029 1481 2063 Ν.
1510 2025 1632 2076 μόρον
1664 2028 1799 2076 μόρεν,
1842 2028 1904 2064 alii
1932 2028 2006 2063 alia

260 2085 509 2118 tentauerunt.
544 2089 671 2119 nostra
698 2082 916 2119 emendatio
944 2082 1108 2119 fortasse
1138 2080 1319 2117 audacior
1347 2086 1422 2129 est,
1465 2080 1534 2118 sed
1567 2086 1654 2130 apta
1682 2080 1729 2117 ad
1757 2092 1923 2118 sensum.
1953 2102 2005 2107 —

261 2133 308 2170 V.
337 2134 414 2172 239
455 2142 633 2185 corrupto
661 2148 785 2186 neque
819 2137 964 2186 Opsop.
995 2136 1217 2173 coniectura
1259 2133 1393 2170 διελών
1428 2136 1530 2183 τότε,
1563 2146 1687 2184 neque
1724 2134 2005 2172 Turnebianum

263 2185 345 2222 τότε
378 2188 519 2224 δείελον
547 2190 742 2226 satisfecit.
798 2190 840 2226 In
869 2201 977 2239 prox.
1012 2202 1076 2227 vv.
1112 2187 1223 2225 codd.
1253 2185 1384 2224 πόλον.
1413 2189 1639 2236 κεκμηκότα.
1668 2187 1739 2234 ἔχε.
1769 2208 1819 2214 -
1849 2189 1897 2224 V.
1926 2187 2006 2224 242

262 2241 393 2288 πελιὴν
420 2243 557 2279 retinui
585 2254 671 2279 cum
709 2243 851 2293 Opsop.
895 2255 945 2280 ex
987 2243 1140 2293 optimis
1181 2240 1295 2278 libris.
1338 2241 1449 2289 πελιὴ
1478 2248 1537 2279 est
1569 2241 1791 2279 femininum
1826 2241 2006 2279 adiectiui

262 2294 392 2333 πελιός
418 2295 519 2342 quod
545 2307 614 2344 pro
642 2298 776 2336 πολιός
805 2296 1001 2333 dicebatur
1033 2300 1134 2333 teste
1163 2294 1300 2331 Arcad.
1331 2307 1364 2343 p.
1395 2295 1459 2343 41,
1488 2296 1512 2331 3
1542 2301 1580 2331 et
1605 2294 1817 2332 columbam
1847 2294 2004 2331 Graecis

263 2355 286 2380 a
312 2347 439 2383 colore
473 2359 611 2386 nomen
644 2349 774 2386 tulisse
804 2349 918 2388 docet
946 2349 1073 2398 Etym.
1104 2347 1158 2385 M.
1187 2359 1217 2385 s.
1247 2359 1283 2384 v.
1313 2369 1363 2374 —
1401 2347 1448 2385 V.
1478 2348 1557 2386 243
1584 2353 1692 2397 γνοίῃ
1724 2346 1828 2385 dedit
1860 2347 2004 2397 Opsop.

263 2410 332 2446 pro
359 2402 454 2449 γνῷ,
481 2408 584 2439 recte
613 2408 768 2451 propter
792 2405 970 2452 syntaxin
999 2409 1037 2440 et
1065 2408 1237 2440 metrum.
1270 2402 1324 2438 sic
1354 2402 1466 2438 etiam
1495 2401 1755 2439 emendandus
1769 2400 1840 2438 fuit
1859 2413 1895 2439 v.
1911 2401 2004 2450 248,
2050 2434 2053 2435 γ

262 2451 302 2487 in
328 2463 401 2501 quo
429 2453 622 2503 legebatur
646 2454 709 2492 ἵνα
735 2459 816 2507 γνῷ
843 2457 956 2507 εἴπερ.

369 2505 416 2542 V.
445 2507 522 2545 255
552 2510 665 2555 τάχος
689 2507 946 2558 ὖπεξέπεμπεν
973 2510 1002 2549 Β
1032 2516 1071 2548 et
1099 2510 1155 2547 sic
1183 2508 1264 2546 fere
1294 2508 1329 2546 A
1357 2507 1416 2546 Pr.
1446 2509 1551 2559 prius
1579 2506 1806 2546 uocabulum
1838 2508 2005 2546 correxit

263 2557 373 2594 Alex.
403 2560 442 2595 in
470 2562 649 2610 secunde,
678 2564 762 2600 coll.
792 2575 827 2601 v.
855 2564 947 2613 247,
976 2565 1064 2602 nihil
1092 2563 1247 2612 mutatui,
1281 2573 1367 2599 nam
1395 2562 1753 2612 neglegentissimus
1781 2567 1841 2599 est
1871 2566 2004 2598 auctor
