2189 2978
1080 123 1104 148 θ

219 216 404 266 simulque
433 216 601 267 intellegi
626 222 754 267 potest
791 228 902 268 quam
931 218 1178 268 neglegenter
1206 223 1245 255 et
1282 217 1482 255 temerarie
1517 217 1555 253 in
1590 214 1845 253 describendo
1871 213 1973 254 libro

220 287 395 320 uersatus
424 284 473 321 sit
506 284 538 321 is
575 283 764 333 librarius,
806 285 852 321 ad
887 285 995 322 cuius
1038 285 1231 334 exemplar
1264 284 1420 322 codices
1449 284 1479 321 F
1494 283 1524 320 L
1543 282 1576 320 R
1612 283 1841 321 conformati
1869 288 1970 332 sunt,

219 351 334 387 homo
363 351 419 387 rei
446 352 712 400 grammaticae
741 358 780 389 et
806 353 986 389 metricae
1014 364 1169 401 prorsus
1198 353 1363 401 ignarus,
1388 363 1574 401 quamque
1596 357 1732 400 suopte
1760 350 1903 388 iudicio
1929 356 1970 389 et

221 416 373 454 arbitrio
401 420 586 467 permulta
613 420 674 455 uel
703 419 956 456 immutauerit
984 420 1045 456 uel
1073 420 1282 456 inseruerit.

328 484 405 521 Iam
434 496 527 522 uero
556 485 603 523 de
632 487 775 523 ratione
804 497 901 535 quae
929 486 1026 522 inter
1054 492 1131 522 tres
1160 485 1315 522 codices
1344 487 1378 522 A
1403 484 1431 522 B
1454 485 1502 522 Pr
1531 485 1724 521 secundae
1754 487 1888 523 classis
1910 487 1967 522 in-

219 551 395 601 tercedit,
424 553 512 588 nihil
541 554 635 589 certi
663 553 799 589 confici
817 558 955 602 potest⁷
984 564 1141 601 quorum
1164 554 1287 589 nullus
1312 553 1408 589 adeo
1426 552 1590 588 bonitate
1607 553 1773 602 reliquos
1798 558 1967 602 superat,

221 623 262 655 ut
289 629 357 668 pro
385 618 491 655 firmo
521 625 559 656 et
589 620 702 656 unico
740 619 946 667 scripturae
990 618 1233 655 fundamento
1273 618 1402 655 haberi
1436 619 1571 668 possit:
1614 619 1730 655 immo
1768 631 1838 668 per
1869 620 1966 656 haec

222 686 347 721 omnia
376 686 604 734 exemplaria
630 687 704 722 late
735 691 870 734 vagata
898 692 956 721 est
997 687 1227 734 corruptela,
1269 692 1309 721 nt
1337 685 1477 721 iudicio
1511 691 1621 721 caute
1656 685 1821 722 adhibito
1850 686 1966 723 modo

221 751 320 788 hunc
353 752 467 787 modo
505 752 607 788 illurn
641 751 776 788 ducem
811 762 1022 799 sequamur.
1097 750 1240 786 Tamen
1274 750 1518 787 Monacensis
1562 751 1686 787 codex
1721 751 1780 788 Pr.
1812 753 1845 788 is
1875 764 1964 789 esse

224 816 388 867 uidetur,
424 817 486 867 qui
515 818 720 867 scripturae
749 817 976 867 praestantia
1016 817 1174 866 primum
1205 817 1301 853 inter
1338 818 1503 866 reliquos
1545 816 1615 854 sibi
1639 817 1790 854 adserat
1823 819 1964 867 locum,

224 885 321 933 quia7
350 885 422 921 nisi
450 885 601 933 egregie
631 884 758 931 fallor,
801 885 852 920 ita
881 883 1092 932 descriptus
1127 889 1186 920 est
1214 895 1262 920 ex
1303 885 1421 920 altero
1450 884 1738 921 vindobonensi
1767 886 1820 932 Α,
1859 891 1898 922 ut
1926 887 1965 922 in

223 951 417 999 permultis
445 951 539 987 locis
567 952 813 987 uetustiorum
843 949 1019 986 librorum
1049 950 1288 986 collationem
1312 950 1481 987 librarius
1510 951 1715 999 prudenter
1740 951 1962 988 adhibuerit.

223 1016 347 1055 Penes
363 1017 635 1055 Monacensem
664 1018 776 1066 igitur
796 1017 958 1054 maxima
979 1015 1072 1053 fides
1101 1017 1139 1053 in
1166 1017 1212 1054 iis
1241 1018 1477 1054 oraculorum
1506 1017 1607 1055 libris
1629 1019 1712 1061 erit„
1739 1019 1802 1068 qui
1825 1018 1963 1057 desunt

224 1085 261 1120 in
289 1083 482 1121 codicibus
511 1083 716 1129 HMQV.
773 1083 971 1121 Neminem
1003 1095 1111 1122 uero*
1151 1084 1212 1132 qui
1241 1085 1452 1120 accuratius
1481 1086 1642 1132 paullum
1683 1085 1777 1121 haec
1809 1087 1962 1123 oracula

222 1152 524 1200 pertractauerit,
566 1151 698 1198 fugere
735 1157 876 1198 potest„
919 1151 1067 1185 unicam
1108 1152 1376 1197 permultorum
1418 1152 1585 1186 locorum
1621 1152 1781 1187 salutem
1824 1164 1845 1188 e
1880 1154 1962 1188 sola

223 1218 441 1254 coniectura
469 1228 554 1253 esse
584 1216 795 1265 petendam.
861 1217 985 1264 Atque
1021 1216 1096 1251 duo
1132 1223 1280 1264 praeter
1322 1217 1460 1264 ingenii
1504 1217 1720 1253 facilitatem
1756 1219 1960 1267 unicuique

224 1284 357 1320 editori
385 1288 513 1331 parata
541 1289 628 1319 sunt
652 1283 925 1319 emendationis
952 1281 1134 1318 subsidia:
1175 1284 1330 1318 alterum
1358 1283 1513 1330 petitum
1543 1294 1591 1319 ex
1619 1289 1797 1320 accurata
1826 1284 1961 1321 dictio-

222 1351 280 1386 nis
310 1349 514 1396 Sibyllinae
542 1349 852 1396 inuestigatione.,
895 1348 941 1384 de
978 1359 1050 1396 qua
1083 1349 1272 1396 praeclare
1301 1349 1456 1385 meritus
1486 1355 1544 1385 est
1578 1349 1807 1396 Alexander‚
1838 1350 1962 1387 editor

223 1415 430 1453 Parisinus:
465 1417 622 1451 alterum
651 1415 808 1463 petitum
837 1426 858 1451 e
888 1415 943 1450 rei
971 1415 1148 1450 metricae
1178 1414 1454 1459 obseruationffi
1484 1415 1531 1451 de
1556 1427 1629 1463 qua
1656 1417 1763 1464 plura
1788 1428 1898 1465 quam
1919 1421 1962 1453 ut

222 1483 281 1519 hic
309 1481 503 1518 transferri
531 1481 688 1530 possint„
718 1481 878 1518 disserui
906 1482 943 1516 in
973 1492 1020 1516 eo
1044 1480 1181 1521 libello„
1210 1492 1319 1529 quem
1349 1488 1433 1517 ante
1463 1481 1532 1517 hos
1560 1481 1775 1530 quindecim
1805 1494 1959 1520 menses

223 1550 268 1586 de
299 1550 459 1585 oraculis
489 1547 680 1596 Sibyllinis
708 1547 855 1597 Lipsiae
885 1547 985 1584 edidi
1013 1547 1111 1597 apud
1140 1547 1373 1595 Weigelium.

327 1616 396 1652 His
425 1621 550 1651 autem
579 1615 629 1650 ita
658 1615 839 1663 expositis
872 1613 1080 1649 claudenda
1117 1620 1175 1650 est
1202 1614 1396 1662 praefatio.
1453 1612 1575 1649 Unum
1602 1614 1714 1662 addo7
1740 1626 1800 1651 me
1830 1616 1867 1651 in
1898 1627 1959 1652 se-

224 1687 361 1730 quente
399 1682 634 1717 oraculorum
667 1679 780 1728 libro,
814 1681 960 1716 etiamsi
988 1681 1025 1716 in
1054 1681 1151 1716 notis
1179 1680 1250 1715 hoc
1279 1690 1355 1715 non
1383 1678 1519 1728 ubique
1549 1679 1700 1716 disertis
1729 1680 1856 1717 uerbis
1884 1688 1959 1718 tra-

223 1748 339 1785 ditum
364 1748 428 1789 sitq
471 1758 605 1783 seuere
640 1750 812 1783 secutum
847 1757 933 1782 esse
965 1745 1120 1782 codices
1148 1745 1183 1782 A
1204 1744 1233 1782 B
1255 1744 1316 1789 Pr,
1352 1758 1374 1781 a
1403 1756 1560 1794 quorum
1600 1747 1844 1796 auctoritate„
1886 1748 1961 1784 nisi

222 1815 464 1864 grauissimae
486 1824 642 1849 caussae
666 1811 890 1860 subessent7·
906 1811 1086 1847 recedere
1114 1811 1222 1847 nefas
1247 1822 1332 1847 esse
1362 1811 1461 1847 duxi.
1518 1812 1613 1848 Nam
1642 1813 1872 1861 reliquorum
1893 1825 1959 1850 co-

223 1882 360 1930 dicum,
390 1881 420 1916 si
449 1891 544 1929 quae
574 1884 660 1916 sunt
687 1880 836 1928 propria
861 1884 899 1915 et
931 1879 1152 1927 praecipua,
1194 1889 1269 1914 non
1298 1883 1499 1915 contemno
1528 1878 1697 1927 quidem,
1737 1879 1805 1916 sed
1834 1891 1959 1930 neque

224 1948 339 1997 pluris
368 1947 467 1983 facio
496 1957 605 1995 quam
633 1945 788 1981 aliorum
818 1945 981 1981 uirorum
1011 1944 1207 1980 doctorum
1236 1945 1486 1980 coniecturas.
1544 1945 1673 1994 Itaque
1703 1947 1891 1982 nonnullis
1920 1947 1960 1982 in

222 2015 330 2061 locis,
358 2012 491 2063 quibus
519 2023 640 2060 neque
669 2011 813 2048 alienae
841 2022 963 2060 neque
992 2022 1099 2047 meae
1133 2021 1247 2046 curae
1274 2012 1477 2047 etiamnum
1506 2012 1741 2048 satisfecisse
1777 2012 1959 2049 uideban-

223 2088 294 2127 tur,
323 2085 464 2117 certam
493 2079 726 2127 corruptelae
755 2077 885 2114 sedem
913 2077 1104 2113 asteriscis
1132 2076 1298 2112 indicare
1327 2077 1452 2123 malui,
1478 2089 1589 2125 quam
1618 2078 1665 2114 ad
1694 2079 1838 2114 incerta
1867 2090 1960 2115 con-

223 2149 449 2184 iecturarum
478 2145 684 2192 confugere
713 2149 937 2191 commenta,
981 2145 1041 2179 uel
1077 2142 1178 2192 quod
1205 2142 1318 2190 idem⁷
1360 2144 1475 2179 immo
1505 2143 1671 2180 deterius
1700 2151 1771 2193 est,
1813 2146 1961 2182 incerta

224 2214 398 2251 codicum
426 2212 731 2261 interpolatorum
759 2209 936 2247 exhibere
965 2211 1236 2259 supplementa.
1292 2208 1392 2246 Hinc
1420 2211 1532 2259 igitur
1560 2216 1642 2248 orta
1670 2218 1728 2248 est
1764 2223 1810 2248 ea
1838 2213 1959 2262 scrip-

222 2287 328 2318 turae
356 2280 531 2327 uarietas,
561 2289 634 2327 qua
660 2281 787 2314 nostra
814 2277 924 2313 huius
950 2275 1033 2312 libri
1060 2276 1234 2313 recensio
1262 2287 1348 2312 cum
1376 2287 1399 2312 a
1417 2276 1585 2314 Parisina
1614 2284 1693 2314 turn
1722 2290 1743 2314 a
1770 2277 1961 2328 Lipsiensi

222 2347 379 2393 recedit,
409 2357 517 2395 quain
545 2345 635 2381 uiris
670 2343 790 2380 doctis
819 2349 857 2379 et
885 2344 1015 2391 aequis
1050 2354 1179 2379 earum
1208 2354 1330 2378 rerum
1366 2343 1685 2380 existimatoribus
1721 2357 1797 2381 non
1832 2346 1959 2394 inpro-

222 2413 347 2450 batum
376 2413 421 2448 iri
449 2421 641 2462 speramus
651 2438 659 2446 .
