2189 2978
962 133 1014 173 2³

115 248 227 290 huius
255 244 496 284 oraculorum
521 238 607 280 libri
631 241 672 280 in
698 245 912 292 temporum
939 252 1022 280 usu.
1048 261 1101 270 —
1134 240 1184 280 V.
1211 240 1289 281 257
1316 239 1429 280 codd.
1456 241 1568 280 metri
1599 241 1715 280 nimis
1739 241 1869 280 securi

116 301 256 342 habent
278 299 373 348 γαῖα
399 300 440 334 et
466 299 555 346 poet
579 295 686 332 πέλει
721 294 864 333 addunt
897 295 1027 336 πέλας.
1068 294 1139 333 sed
1170 295 1266 333 haec
1299 300 1360 333 est
1394 294 1646 345 dittogmphia
1672 306 1696 333 e
1729 296 1867 334 calani

116 357 226 405 lapsu
261 355 358 401 orta,
396 347 550 388 librarlo
585 348 625 386 in
653 348 835 399 proximis
861 346 1059 388 uocabulis
1085 347 1294 388 aberrante.
1337 347 1385 386 ad
1415 359 1572 388 sensum
1603 359 1761 399 promus
1785 360 1866 388 non

117 408 284 460 pertinet
310 409 352 443 et
376 407 483 441 recte
510 403 585 441 iam
619 400 665 439 ab
692 401 836 453 Opsop.
864 403 1041 453 neglecta
1063 408 1133 441 est.
1149 423 1200 430 —
1227 402 1275 441 V.
1302 402 1382 441 260
1406 402 1517 440 codd.
1545 403 1621 441 iam
1647 402 1791 442 dudum
1815 402 1864 441 ab

119 461 262 512 Opsop.
297 456 490 496 emendati
530 454 740 507 ῥηγνυμένη
780 456 863 495 sine
895 467 1022 494 sensu.
1058 455 1170 494 codd.
1198 461 1288 494 antt.
1317 451 1389 506 ἐπ’,
1421 461 1620 507 praeterea
1646 456 1685 494 A
1708 453 1865 505 ὀλίγοις,

119 516 247 563 itaque
274 512 438 549 fortasse
462 509 664 559 legendum
693 516 754 547 est
780 505 971 557 ὅλίγαισιν
997 506 1057 547 ἐπ’
1083 506 1190 558 ᾐόσιν
1222 508 1421 560 ἐστήρικτο.
1443 529 1495 537 -
1522 507 1571 549 V.
1584 510 1665 548 265
1692 509 1797 548 edidi
1814 522 1865 549 ex

121 564 271 605 emend.
297 563 427 601 Hueti.
456 561 567 600 codd.
595 566 729 600 contra
754 566 915 600 metrum
942 564 1119 611 ποταμοῦ
1142 559 1328 614 Μαρσύου
1353 567 1537 611 nepem.
1563 563 1674 601 Alex.
1698 561 1758 601 ‘in
1776 560 1865 602 fine'

120 620 241 670 inquit
260 615 457 666 επέφυκαν
483 615 728 655 alexandrino
754 627 861 655 more
883 616 1024 658 dictum
1052 622 1123 667 est,
1147 622 1189 655 ut
1209 616 1349 667 ἔοργαν
1368 618 1392 654 1.
1408 616 1504 655 XIV
1504 646 1516 665 ‚
1529 613 1635 656 253³.
1653 638 1700 645 -
1719 617 1768 655 V.
1783 618 1863 656 266

120 671 232 710 codd.
257 682 335 708 non
363 672 407 718 τῇ
434 675 476 707 ut
501 681 573 707 nos
599 669 670 707 sed
697 671 753 719 τῷ
779 669 822 706 δέ
845 671 909 707 uel
936 671 1003 706 τοῦ
1028 668 1079 707 δέ.
1108 670 1286 712 omittunt
1322 674 1448 707 tamen
1476 668 1521 706 δέ
1544 669 1594 708 Pr
1629 669 1660 707 F
1693 670 1728 707 R
1755 676 1863 709 recte

120 729 276 776 propter
310 733 475 773 sequens
507 721 744 760 uocabulum.
801 717 865 770 ἐφ’
890 719 1049 771 ὕψηλοῖο
1080 723 1244 772 καρήνου
1279 722 1378 761 Ann.
1411 721 1530 760 Lond.
1559 722 1644 761 Par.
1672 722 1790 761 codd:
1818 722 1864 761 ἐν

121 777 287 826 ὑψηλοῖο
312 777 466 827 καρήνῳ
493 787 562 826 pro
590 786 665 826 quo
691 775 802 813 Alex.
831 774 875 812 ἐν
899 773 1051 826 ὕψηέντι
1083 777 1239 827 καρήνῳ
1279 775 1393 813 dedit.
1421 796 1474 802 —
1506 776 1555 813 V.
1587 775 1667 814 267
1709 776 1863 816 exhibui

123 831 172 870 ad
186 830 297 870 fidem
313 829 422 870 codd.
436 829 472 868 A
488 828 531 869 B.
546 830 757 880 proximum
776 842 930 868 uersum
943 830 1020 880 *qui
1038 830 1076 867 in
1098 829 1244 868 eisdem
1256 829 1361 868 libris
1375 829 1496 876 deest,
1511 831 1599 880 quia
1614 831 1863 881 interpolatus

121 885 284 933 uidetur,
311 884 459 921 uncinis
486 884 633 920 inclusi.
662 903 714 909 -
754 883 802 920 V.
831 883 909 921 274
937 882 1040 931 ἐπειή
1066 883 1168 933 quod
1194 895 1232 920 V.
1259 883 1341 921 238
1371 894 1441 933 pro
1472 882 1556 920 ἐπεί
1592 895 1678 921 cum
1715 885 1860 935 Opsop.

121 937 279 987 retinui,
319 937 393 975 hoc
426 937 466 974 in
498 937 585 975 loco
622 935 780 974 debetur
812 936 1040 974 Alexandro.
1083 937 1195 974 etiam
1229 949 1266 974 v.
1297 935 1373 974 303
1407 936 1682 975 restituendum
1708 938 1792 976 fuit.
1821 939 1861 976 in

121 992 294 1041 proximo
319 1002 435 1027 uersu
461 989 544 1026 libri
570 989 708 1026 habent
734 991 883 1038 νοερῶς,
917 990 1018 1026 unde
1046 989 1189 1038 Opsop.
1219 991 1309 1026 Νῶε
1338 986 1375 1025 δ’
1397 988 1450 1029 ὥς
1477 990 1591 1026 dedit.
1622 1010 1670 1016 —
1702 990 1750 1027 V.
1779 991 1861 1029 276

120 1043 204 1082 libri
231 1054 429 1093 perperam
456 1041 595 1081 habent
622 1038 662 1090 ἧς
677 1038 964 1092 α’ποθαρσήσας.
989 1043 1120 1091 recepi
1140 1036 1201 1091 ᾖξ’
1218 1042 1431 1091 profectum
1451 1041 1497 1079 ab
1511 1043 1730 1081 Alexandro
1744 1055 1859 1093 quem

123 1098 234 1134 etiam
262 1095 400 1133 Friedl.
428 1096 541 1132 tacite
570 1101 725 1132 secutus
753 1101 831 1144 est,
872 1105 1095 1144 quamquam
1125 1094 1222 1132 bene
1250 1096 1331 1131 scio
1365 1095 1462 1132 hanc
1502 1096 1663 1133 formam
1691 1097 1859 1134 insolen-

121 1151 256 1188 tiorem
289 1161 386 1187 esse.
417 1153 585 1187 ceterum
613 1161 661 1186 ne
690 1149 745 1186 sic
774 1147 925 1198 quidem
952 1149 1060 1186 locus
1074 1153 1299 1198 ·corruptus,
1328 1161 1441 1198 quem
1469 1151 1568 1186 malo
1590 1151 1724 1187 nescio
1745 1152 1856 1188 cuius

120 1205 280 1241 lacunae
308 1203 570 1251 supplemento
598 1213 620 1237 a
646 1201 803 1238 librariis
826 1202 1092 1251 interpolatum
1121 1213 1206 1238 esse
1230 1209 1398 1252 apparet,
1426 1201 1523 1240 bene
1543 1208 1696 1240 sanatus
1717 1210 1788 1241 est.
1804 1224 1858 1230 ——

121 1257 171 1294 V.
198 1257 277 1295 279
310 1255 420 1293 deest
445 1255 484 1292 in
517 1254 547 1293 B
570 1254 643 1298 Pr..
671 1254 740 1292 sed
767 1260 870 1292 extat
897 1255 936 1292 in
962 1255 999 1292 A
1027 1260 1066 1292 et
1093 1266 1192 1292 rece.
1222 1255 1332 1292 codd.
1353 1277 1401 1282 —
1431 1255 1479 1292 V.
1495 1255 1569 1292 281
1601 1256 1712 1293 codd.
1742 1257 1860 1294 εἴκοσι

122 1315 161 1347 et
188 1321 222 1346 v.
251 1309 330 1346 283
358 1305 499 1348 ἄκοιτις
525 1318 594 1357 pro
627 1304 881 1348 atingani-923
907 1307 1050 1357 Opsop.
1066 1328 1116 1335 —
1138 1307 1184 1344 V.
1200 1307 1276 1345 285
1306 1307 1348 1353 ἐξ
1368 1304 1452 1345 δην
1472 1308 1508 1346 Α
1529 1308 1573 1355 B,
1601 1307 1641 1354 ἐξ
1669 1305 1768 1346 ὅθεν
1794 1310 1855 1349 Pr.

122 1362 223 1406 ἐξότε
249 1367 308 1399 est
334 1362 516 1411 particula
548 1361 799 1399 Callimachea
832 1373 927 1410 quae
962 1362 1113 1410 saepius
1146 1362 1243 1410 apud
1277 1362 1453 1399 Nonnum
1481 1363 1589 1399 redit.
1618 1384 1668 1390 -
1699 1364 1747 1400 V.
1776 1364 1857 1401 289

122 1415 231 1451 codd.
259 1413 560 1450 κλυδωνισθεῖσα
589 1414 656 1449 οὐν
686 1413 768 1463 ἐμῷ
795 1426 833 1449 π.
861 1425 895 1449 κ.
925 1413 957 1449 δ.
987 1412 1069 1463 ἐμῷ
1096 1413 1197 1463 quod
1228 1419 1339 1450 uacat
1365 1415 1476 1451 metri
1503 1424 1640 1452 caussa
1667 1416 1777 1453 eieci.
1808 1415 1855 1454 de

123 1468 314 1517 δαέρεσσιν
338 1472 443 1505 recte
471 1467 688 1512 Alexander
709 1465 767 1505 ‘in
795 1466 890 1516 δαήρ
909 1468 1072 1516 priorem
1098 1467 1280 1516 syllabem
1299 1474 1430 1506 natura
1449 1470 1600 1517 longam
1621 1481 1709 1507 esse
1724 1476 1856 1508 monet

122 1522 321 1557 uocatiuus
349 1520 448 1570 δᾶερ.
477 1521 545 1556 sed
574 1520 788 1568 Sibyllistae
816 1521 903 1556 talia
929 1531 1006 1556 non
1037 1531 1187 1570 semper
1213 1517 1368 1558 curant'.
1402 1522 1441 1557 in
1469 1522 1650 1571 proximis
1680 1523 1855 1561 uersibus

122 1575 184 1624 qui
212 1575 309 1612 sicut
337 1575 451 1622 uulgo
478 1575 652 1622 leguntur
679 1585 807 1611 sanam
836 1575 1060 1611 sententiam
1093 1585 1169 1610 non
1205 1574 1400 1621 exhibent,
1437 1576 1627 1612 excidisse
1668 1577 1854 1624 quaedam

119 1627 210 1665 mihi
237 1627 422 1664 uidentur.
451 1627 576 1676 itaque
604 1627 808 1664 asteriscos
834 1626 944 1676 posui
956 1630 1042 1676 post
1056 1623 1139 1676 ἄρτι
1155 1624 1193 1663 δὲ
1208 1625 1361 1675 αἰνήσω,
1390 1626 1436 1664 de
1451 1627 1553 1666 hiatu
1574 1628 1623 1667 cf.
1642 1628 1690 1666 ad
1710 1642 1747 1669 v.
1763 1629 1854 1681 225,

121 1687 160 1718 et
187 1686 274 1729 post
298 1679 337 1717 ἐν
359 1682 452 1729 συκῇ
479 1681 582 1727 συκῆ,
610 1692 695 1717 nam
719 1681 774 1718 sic
802 1680 912 1717 codd.
941 1685 1044 1728 antt.,
1072 1681 1110 1716 in
1138 1680 1271 1729 quibus
1299 1693 1335 1719 v.
1364 1681 1443 1718 292
1470 1694 1546 1719 uno
1574 1683 1672 1731 pede
1692 1690 1855 1722 metrum

121 1733 282 1770 excedit.
313 1733 424 1769 etiam
452 1734 561 1769 Alex.
593 1733 791 1782 aliquando
819 1733 1030 1782 suspicatus
1059 1738 1117 1770 est
1144 1739 1368 1770 truncatuon
1396 1745 1482 1772 esse
1512 1734 1680 1784 Sibyllae
1709 1743 1854 1775 textum

120 1787 193 1824 hoc
219 1787 258 1823 in
284 1787 380 1823 loco.
409 1806 458 1813 —
489 1786 536 1822 V.
552 1785 628 1824 299
657 1786 904 1824 certissimam
931 1787 1060 1835 recepi
1087 1787 1291 1824 Alexandri
1320 1789 1589 1826 coniecturam.
1619 1790 1731 1828 codd.
1762 1790 1797 1827 οἱ
1815 1790 1858 1828 δέ

120 1853 158 1876 τε
187 1839 408 1887 τηθευτῆρες
434 1839 534 1888 quod
561 1851 629 1888 pro
656 1839 888 1889 τιτθευτῆρες
916 1840 979 1875 uix
1009 1839 1084 1876 dici
1110 1841 1241 1888 potuit.

830 1904 868 1929 v.
895 1892 1128 1929 300—400.

226 1946 273 1981 V.
303 1945 375 1981 301
408 1945 515 1981 codd.
545 1941 759 1992 οἷχέρονῑας,
787 1951 891 1981 recte
919 1945 1028 1980 Alex.
1050 1943 1218 1993 ‘putauit
1245 1952 1389 1994 auctor,
1414 1952 1455 1982 ut
1475 1948 1655 1997 Τάρταρα
1667 1949 1724 1985 sic
1738 1960 1854 1998 posse

113 1994 338 2049 Ἀχέροντας
359 1999 549 2048 pluraliter
576 1993 729 2035 efferri'.
745 2020 789 2024 —
813 1997 859 2035 V.
876 1997 952 2035 309
981 1998 1028 2035 de
1057 1996 1211 2035 ἕκαστον
1238 2011 1338 2036 nunc
1361 1999 1568 2049 adquiesco
1588 2001 1628 2038 in
1646 2002 1855 2041 Alexandri

120 2053 439 2101 interpretatione,
466 2052 528 2101 qui
554 2052 777 2100 prouocauit
804 2051 851 2087 ad
878 2051 918 2088 Π.
948 2053 982 2087 Γ
1008 2052 1096 2100 180,
1124 2052 1193 2089 sed
1220 2053 1269 2089 cf.
1300 2053 1447 2089 dissert.
1477 2066 1513 2102 p.
1543 2054 1605 2091 21.
1633 2075 1681 2082 -
1711 2056 1759 2093 V.
1775 2057 1856 2096 315

119 2107 192 2144 An.
218 2104 335 2142 Lond.
365 2105 529 2142 coniecit
554 2100 616 2141 ἐπ’
643 2100 765 2145 αὐτοῖς
790 2103 971 2154 probante
999 2105 1227 2143 Alexandro.
1258 2126 1307 2132 —
1336 2106 1384 2143 V.
1400 2106 1479 2144 320
1493 2107 1616 2145 hiatus
1636 2109 1674 2146 in
1695 2120 1857 2148 caesura

119 2159 256 2207 factus,
284 2165 325 2196 ut
351 2159 424 2195 iam
453 2170 564 2207 supra
593 2159 723 2195 monui
750 2159 839 2195 nihil
870 2157 981 2195 habet
1015 2160 1167 2196 molesti
1201 2165 1239 2196 et
1272 2160 1359 2208 quia
1399 2156 1619 2201 ἐπ’ἄλλυδις
1651 2160 1748 2199 ἄλλο
1776 2164 1854 2201 for-

119 2214 220 2249 mula
247 2213 355 2262 epica
383 2216 441 2249 est
468 2223 563 2261 quae
593 2210 794 2259 Sibyllistis
822 2213 960 2249 intacta
984 2210 1120 2261 ubique
1149 2213 1297 2260 mansit,
1325 2214 1428 2250 nolui
1456 2225 1639 2252 reuocare
1663 2217 1855 2266 antiquam

121 2266 342 2315 scripturam
370 2261 575 2314 ὀρνυμένου
604 2263 664 2301 ἐπὶ
691 2261 856 2305 ἄλλυδες.
883 2265 922 2302 in
948 2264 1021 2302 fine
1048 2276 1184 2303 uersus
1207 2265 1316 2302 Alex.
1344 2267 1484 2315 optime
1506 2274 1661 2316 propter
1675 2271 1856 2317 syntaxin

118 2319 253 2366 ποιήσῃ
280 2319 440 2367 scripsit.
469 2318 570 2354 idem
597 2329 634 2354 v.
663 2317 741 2354 322
770 2314 969 2364 ὅλιγώσειε.
999 2317 1109 2354 codd.
1139 2329 1337 2366 perperam
1365 2317 1525 2366 ποιήσει.
1548 2316 1773 2369 ὅλιγωθείη.
1802 2344 1855 2350 -

117 2369 166 2407 V.
195 2370 273 2409 326
302 2370 411 2409 codd.
440 2375 545 2408 antt.:
576 2366 714 2418 ἄφωνα
741 2366 785 2407 ὅν
808 2365 926 2421 animi,
954 2381 1052 2409 rece.
1083 2367 1149 2418 ἄφ.
1182 2368 1274 2408 ὄντα
1300 2369 1339 2408 ἐν
1354 2368 1470 2422 αὐτῷ.
1500 2372 1639 2412 Friedl.
1669 2376 1857 2425 scriptura

118 2421 256 2471 ἄφωνα
292 2424 332 2461 ἐν
357 2421 461 2474 αὐτῷ
487 2434 596 2473 quam
629 2424 741 2461 etiam
778 2424 815 2460 in
850 2423 1092 2473 Theosophia
1125 2425 1322 2461 inuenerat
1358 2425 1499 2476 Opsop.
1530 2432 1686 2477 propter
1713 2429 1857 2468 hiatum

116 2477 208 2515 ferri
235 2488 312 2515 non
338 2478 469 2528 potuit.
498 2497 544 2505 -
572 2477 620 2515 V.
649 2477 727 2516 335
756 2473 853 2528 α’τάρ
880 2478 958 2515 uim
985 2478 1239 2527 copulatiuam
1262 2477 1376 2516 habet
1402 2485 1443 2517 ut
1470 2479 1569 2517 infra
1595 2493 1633 2519 v.
1654 2481 1744 2521 353.
1766 2483 1856 2522 369.

116 2530 164 2568 Π.
193 2530 244 2568 46
269 2531 328 2568 all.
358 2531 459 2582 quod
486 2532 598 2569 etiam
626 2530 672 2569 de
700 2543 772 2569 usu
794 2531 999 2581 particulae
1026 2529 1066 2568 δέ
1092 2530 1371 2570 obseruandum
1399 2538 1467 2571 est.
1497 2534 1547 2572 cf.
1572 2534 1621 2572 ad
1641 2548 1679 2574 v.
1697 2537 1789 2576 163.
1805 2559 1856 2566 —

115 2583 164 2622 V.
181 2583 258 2623 348
281 2584 430 2623 datiuus
449 2584 522 2638 φαΐ
532 2596 600 2636 pro
615 2586 705 2633 φάει
732 2589 836 2622 extat
863 2585 975 2622 etiam
1003 2585 1042 2622 in
1069 2584 1205 2624 eadem
1231 2597 1367 2624 uersus
1395 2587 1567 2626 clausula
1589 2589 1730 2641 inFrg.
1746 2591 1775 2629 Ι.
1793 2591 1854 2629 18.
