2189 3011
1063 101 1113 139 18

705 392 851 439 ΑΒΝ
853 392 1120 440 ΟΤΑΤΙθ
1163 392 1455 440 Glu'rch.

329 577 540 615 Genuinam
568 582 755 615 tesseram
787 579 936 615 restitui
971 590 1020 616 ex
1058 579 1280 616 auctoritate
1315 576 1423 614 codd.
1450 575 1499 614 Pr
1523 576 1559 612 A
1585 574 1629 612 F.
1658 575 1770 611 etiam
1806 575 1888 611 aliis
1914 575 1954 611 in

209 631 306 669 locis
335 634 463 680 aperte
492 629 650 668 codices
677 630 876 681 utriusque
905 631 1049 669 ordinis
1075 636 1272 680 testantur,
1298 641 1379 668 eam
1408 640 1517 680 quam
1544 627 1656 666 hodie
1680 627 1841 676 legimus
1870 638 1953 665 ora-

210 685 379 721 culorum
409 684 677 720 collectionem
705 683 915 721 breuiatam
945 696 1033 722 esse
1067 696 1088 722 e
1117 686 1258 722 maiore
1292 684 1415 733 aliquo
1443 693 1569 732 opere.
1598 681 1637 718 id
1663 680 1764 730 quod
1789 680 1954 718 notabile

209 743 278 775 est.
308 748 394 773 nam
423 747 510 774 cum
546 738 725 786 permulti
761 738 839 774 loci
866 738 906 774 in
932 738 992 775 his
1021 739 1183 775 oraculis
1220 737 1456 774 inueniantur
1490 746 1646 785 quorum
1675 739 1886 771 contortam
1915 739 1955 772 et

208 790 413 839 inpeditam
452 794 700 839 structuram,
740 790 816 827 nisi
850 790 898 828 de
925 792 1067 828 latente
1096 791 1218 840 aliqua
1250 791 1384 827 lacuna
1415 788 1662 838 cogitaueris,
1695 787 1743 824 ad
1770 787 1953 837 liquidum

210 842 420 893 perducere
445 843 510 880 uix
532 843 672 892 possis,
699 854 749 880 ne
779 844 907 881 omnia
937 843 1177 882 coniectandi
1203 843 1352 880 libidine
1380 841 1588 887 turbentur,
1616 842 1769 891 saepius
1792 841 1839 878 ad
1857 841 1955 879 hanc

208 896 395 935 medelam
424 895 661 934 redeundum
692 897 764 935 erit
790 909 860 947 per
887 909 930 936 se
953 899 1080 935 leuem
1103 904 1142 935 et
1163 898 1311 935 facilem
1335 908 1491 946 eamque
1518 896 1600 946 ipsa
1623 895 1799 932 codicum
1821 901 1953 933 aucto-

208 951 318 987 ritate
347 949 659 988 commendatam.

960 1015 997 1041 v.
1029 1003 1204 1041 1-100.

317 1057 511 1106 Scriptura
537 1057 854 1106 praestantissimi
891 1057 975 1094 cod.
1004 1058 1053 1105 A,
1092 1068 1253 1106 quocum
1286 1058 1358 1094 hoc
1394 1058 1432 1093 in
1458 1057 1546 1093 loco
1578 1056 1723 1092 faciunt
1747 1055 1777 1092 F
1798 1054 1828 1091 L
1851 1055 1884 1092 R
1912 1056 1952 1092 in

209 1121 248 1148 v.
268 1110 293 1147 :3
316 1110 410 1146 haec
438 1115 514 1146 est:
542 1111 645 1146 πόσα
673 1106 855 1146 δ’ἔσσεται
889 1107 1017 1147 πόσσα
1043 1109 1082 1146 δὲ
1116 1110 1258 1157 μέλλει.
1300 1108 1514 1147 Alexander
1537 1120 1606 1158 pro
1635 1107 1779 1145 ἔσσεται
1801 1108 1954 1158 scripsit

212 1161 332 1207 ἐστίν,
365 1167 497 1199 contra
523 1174 694 1210 sensum,
736 1174 823 1199 nam
863 1173 978 1200 nemo
1011 1163 1234 1200 uaticinatur
1273 1163 1501 1212 praesentia,
1544 1167 1582 1198 et
1615 1162 1738 1198 minus
1775 1160 1872 1198 bene
1901 1161 1950 1197 ad

210 1220 384 1264 metrum,
422 1216 508 1264 quia
536 1216 698 1253 uitiosus
727 1220 801 1263 ests
824 1216 1028 1253 trochaeus
1055 1216 1093 1252 in
1121 1220 1251 1265 quarto
1278 1215 1385 1265 pede.
1429 1214 1497 1252 sed
1523 1216 1641 1252 latent
1667 1214 1759 1251 uitia
1785 1216 1824 1251 in
1851 1215 1952 1251 πόσα

212 1273 251 1306 et
278 1266 412 1313 πόσσα,
439 1269 513 1305 iam
549 1274 682 1306 nostra
717 1269 984 1306 emendatione
1023 1275 1178 1306 remota.
1207 1290 1258 1295 —
1291 1269 1339 1306 V.
1363 1270 1386 1306 6
1414 1270 1547 1317 scripsi
1573 1273 1759 1314 πίφαυσκε
1790 1279 1859 1316 pro
1888 1273 1951 1304 πί-

212 1332 340 1368 φασκε.
368 1333 454 1357 nam
489 1323 675 1368 πιφοὶσκω
709 1333 892 1370 graecum
921 1332 998 1357 non
1034 1327 1103 1358 est.
1145 1322 1381 1369 πιφάσκομαι
1422 1321 1522 1371 quod
1561 1321 1649 1358 olim
1688 1320 1885 1370 legebatur
1910 1322 1950 1358 in

212 1374 305 1413 Hes.
337 1374 479 1425 Theog.
516 1388 553 1414 v.
583 1375 662 1414 655
705 1374 847 1413 dudum
889 1375 1025 1413 reiecit
1062 1374 1254 1413 Muetzell.
1292 1375 1338 1413 de
1375 1375 1519 1415 emend.
1547 1375 1689 1425 Theog.
1726 1388 1761 1425 p.
1788 1374 1865 1414 220
1894 1388 1949 1426 sq.

212 1441 373 1479 eumque
398 1433 553 1466 secutus
582 1434 642 1467 est
660 1428 879 1478 Lennepius
903 1431 943 1466 in
972 1429 1148 1466 editione.
1192 1430 1232 1466 In
1260 1431 1429 1478 proximo
1458 1441 1570 1466 uersu
1594 1430 1759 1466 notanda
1787 1435 1846 1466 est
1866 1441 1950 1466 cor-

211 1488 318 1532 repta
350 1483 555 1532 penultima
582 1484 621 1519 in
650 1482 840 1520 uocabulo
866 1481 1052 1531 ἕφετμῶν,
1080 1483 1177 1520 sicut
1199 1483 1295 1519 infra
1321 1495 1356 1521 v.
1382 1484 1444 1521 38.
1470 1482 1538 1520 sed
1564 1484 1601 1520 in
1629 1483 1686 1520 his
1715 1494 1830 1533 saepe
1859 1494 1950 1532 pec-

212 1542 395 1574 cauerunt
422 1536 652 1584 Sibyllistae.
683 1538 798 1574 etiam
827 1538 889 1573 alii
924 1541 1061 1585 poetae
1098 1537 1327 1573 recentiores
1363 1537 1557 1573 Heliodori
1584 1537 1674 1573 illud
1705 1542 1950 1586 praeceptum

213 1587 269 1626 ὅτι
299 1590 341 1626 τὸ
376 1603 406 1636 μ
435 1588 713 1641 ἐπιφερόμενον
741 1586 889 1639 ἀφώνῳ
925 1585 1032 1637 ἧττον
1071 1591 1143 1625 τῶν
1178 1586 1309 1626 ἄλλων
1338 1588 1462 1640 ὑγρῶν
1499 1590 1626 1631 κοινᾶς
1663 1592 1763 1627 ποιεῖ
1797 1589 1838 1627 ἐν
1875 1591 1951 1631 τοῖς

213 1642 315 1680 ἔπεσι
345 1644 551 1691 συλλαβάς,
577 1649 771 1681 seruatum
796 1644 841 1679 ab
871 1643 1078 1691 Haephest.
1108 1656 1142 1691 p.
1176 1644 1226 1679 18
1254 1649 1291 1680 et
1318 1644 1429 1681 Arist.
1459 1644 1612 1688 Quintil.
1639 1644 1665 1679 Ι.
1693 1656 1727 1692 p.
1755 1644 1805 1681 47
1835 1645 1950 1680 inter-

213 1696 301 1733 dum
329 1697 590 1747 neglexerunt,
619 1696 667 1734 de
697 1708 772 1747 quo
801 1697 875 1733 iam
911 1695 1105 1733 Iacobsius
1133 1696 1270 1746 passim
1298 1708 1366 1734 sua
1390 1695 1581 1734 adnotauit
1603 1696 1649 1734 ad
1672 1697 1952 1748 Anthologiam,

212 1752 331 1788 ueluti
351 1750 398 1788 de
420 1751 580 1797 πότμος,
603 1751 650 1788 Α.
667 1750 707 1788 P.
738 1764 772 1799 p.
800 1750 888 1788 572.
919 1749 1100 1797 ἐφετμῇσι
1125 1756 1335 1798 correptum
1363 1757 1421 1786 est
1442 1752 1553 1786 etiam
1587 1753 1625 1786 in
1654 1752 1952 1788 Christianorum

214 1804 493 1853 epigrammatis
521 1804 586 1853 24,
616 1804 652 1841 4.
669 1803 733 1841 25.
758 1803 792 1840 3.
811 1825 860 1830 --
882 1803 930 1840 V.
953 1804 978 1839 9
1006 1803 1199 1839 immutaui
1227 1804 1443 1852 scripturam
1472 1806 1660 1853 uulgatam
1688 1804 1735 1840 ad
1764 1805 1873 1841 codd.
1904 1804 1954 1841 Pr

212 1858 248 1895 A
273 1857 302 1894 B
332 1858 505 1906 uestigia,
542 1859 580 1894 in
608 1856 744 1906 quibus
778 1869 847 1906 pro
875 1856 1074 1903 γεινάσθω
1100 1859 1163 1891 καὶ
1187 1861 1347 1903 eye-ivaro
1373 1858 1508 1907 legitur
1535 1858 1712 1905 γινάσθω
1736 1862 1798 1893 καὶ
1819 1857 1953 1905 γίνοιτο

213 1915 380 1948 ceterum
417 1911 526 1948 Alex.
561 1911 608 1948 de
643 1910 830 1948 infinitiuo
872 1909 1074 1957 γείνασθαι
1115 1921 1183 1958 pro
1223 1910 1400 1957 γενέσθαι
1439 1916 1616 1961 usurpato
1653 1913 1877 1961 prouocauit
1906 1911 1954 1948 ad

212 1963 427 2001 Buttmanni
455 1970 582 2000 notam
610 1965 647 2000 in
677 1965 820 2001 Callim.
850 1965 887 1999 h.
917 1963 1000 1999 Cer.
1031 1975 1066 1999 v.
1093 1962 1216 1999 58-
1242 1964 1289 2000 V.
1317 1965 1378 2012 12,
1406 1966 1491 2013 quia
1518 1965 1718 2001 admodum
1748 1965 1954 2002 uerisimile

214 2022 286 2065 est,
315 2018 398 2054 cod.
421 2017 471 2054 Pr
509 2029 557 2054 ex
581 2018 627 2054 A.
651 2019 704 2054 ita.
728 2017 900 2063 fluxisse,
930 2020 971 2053 ut
999 2016 1093 2052 aliae
1123 2026 1215 2065 opes
1242 2015 1390 2053 librario
1418 2029 1488 2056 usu
1510 2018 1683 2055 uenirent
1703 2018 1795 2056 satis
1818 2017 1954 2069 bonae,

214 2073 290 2109 'non
319 2070 486 2109 dubitaui
515 2072 597 2110 eius
626 2072 851 2121 scripturam
880 2071 1157 2118 πυριλαμπίσι,
1192 2075 1292 2108 extat
1319 2071 1390 2108 hoc
1424 2071 1647 2110 uocabulum
1677 2072 1777 2121 apud
1813 2073 1953 2122 Oppia-

214 2136 302 2162 muu
332 2126 500 2176 aliosque
529 2130 677 2175 poetas,
706 2136 775 2175 pro
805 2125 916 2162 nimis
937 2123 1108 2174 prosario
1132 2124 1378 2172 περιλαμπέσι
1400 2137 1593 2163 reuocare.
1612 2148 1659 2153 ——
1684 2125 1731 2165 V.
1755 2126 1803 2164 14
1819 2127 1955 2177 scripsi

210 2185 430 2226 χευαμὲνοις
456 2190 525 2228 pro
548 2180 760 2226 χευάμενος
786 2178 887 2228 quod
916 2177 976 2215 Pr.
1005 2176 1130 2225 habet,
1158 2177 1225 2213 sed
1264 2190 1377 2215 sensu
1413 2180 1538 2216 medio
1566 2191 1643 2216 non
1670 2182 1825 2229 passiuo
1853 2181 1954 2217 acci-

214 2232 404 2282 piendum,
433 2244 545 2282 quem
575 2244 652 2269 uno
680 2244 796 2270 uersu
824 2233 862 2268 in
892 2232 1048 2268 oraculo
1081 2230 1242 2280 quodam
1285 2232 1466 2282 Apollinis
1503 2233 1634 2282 obuio,
1668 2234 1718 2271 cf.
1747 2233 1868 2272 Bentl.
1898 2233 1956 2272 ad.

216 2285 391 2323 Malalam
420 2299 454 2336 p.
484 2285 562 2324 686
591 2286 651 2324 ed.
679 2286 787 2333 Bon.,
817 2298 905 2324 cum
933 2284 1152 2322 Alexandro
1181 2284 1383 2323 defendere
1411 2299 1489 2324 non
1515 2289 1646 2325 ausim.
1668 2309 1717 2314 —
1747 2289 1794 2324 V.
1818 2288 1868 2325 18
1889 2299 1954 2324 co-

217 2339 340 2375 dicum
365 2341 537 2376 lacunam
567 2341 711 2390 antiqui
739 2340 906 2377 editores
932 2339 1077 2375 inserto
1103 2339 1262 2374 κυκλόσε
1288 2345 1374 2389 post
1402 2336 1474 2376 ὅσα
1497 2343 1756 2391 expleuerunt.
1788 2340 1857 2378 sed
1881 2341 1955 2379 hoc

216 2393 392 2442 frigidum
421 2398 490 2430 est.
519 2394 640 2443 magis
666 2394 778 2431 etiam
806 2393 898 2431 illud
920 2392 968 2429 de
992 2403 1067 2442 quo
1091 2392 1174 2440 ipse
1197 2392 1235 2428 in
1255 2392 1514 2432 dissertatione
1536 2395 1712 2444 cogitaui.
1740 2395 1814 2431 iam
1833 2394 1958 2433 adieci

216 2445 257 2483 id
284 2446 384 2495 quod
410 2447 500 2483 mihi
532 2447 579 2483 ad
615 2459 770 2485 sensum
799 2446 1035 2497 aptissimum
1075 2444 1270 2483 uidebatur
1297 2451 1335 2484 et
1365 2447 1540 2486 facillime
1568 2459 1591 2485 a
1617 2447 1768 2485 librario
1797 2449 1958 2487 ommitti

217 2499 349 2549 potuit.
379 2520 429 2526 —
457 2500 506 2536 V.
529 2501 577 2537 21
604 2506 760 2550 propter
787 2506 949 2537 metrum
977 2499 1120 2535 mutaui
1148 2500 1333 2547 uulgatam
1360 2502 1563 2538 lectionem
1591 2498 1804 2548 οὖρανόθεν
1830 2502 1957 2538 καθο-

216 2553 313 2602 ρῶν·
345 2550 598 2588 ὖποτετέλεστο
624 2552 662 2589 δὲ
683 2551 829 2601 κόσμος
855 2558 895 2590 et
917 2552 1067 2589 facilius
1095 2551 1255 2589 fortasse
1279 2563 1388 2603 quam
1415 2554 1525 2592 Alex.
1551 2554 1614 2604 qui
1641 2550 1739 2592 οὕτω
1764 2555 1956 2592 τετέλεστο
