2189 3011
1052 112 1108 150 w

313 218 363 256 V.
388 216 444 256 50
468 216 558 255 dedi
583 219 651 253 καὶ
671 218 804 265 βάλεν.
838 227 926 255 nam
961 219 1064 268 quod
1096 219 1186 256 olim
1211 218 1399 266 antiquam
1426 214 1604 252 codicum
1630 214 1855 264 scripturam
1879 210 1957 250 25-

207 273 328 323 βαλον
354 269 522 320 defendi,
558 270 633 309 hoc
659 271 735 308 iam
769 271 883 310 nimis
903 273 1076 311 ‘alienum
1106 271 1254 312 uidetur
1279 269 1326 307 ab
1353 279 1426 308 usu
1457 268 1588 319 poesis
1619 269 1770 320 epicae,
1804 267 1960 306 etiamsi·-

206 326 364 365 multum
391 325 433 362 in
459 325 559 362 crasi
586 323 806 374 Sibyllistae
835 324 908 363 sibi
929 325 1175 366 indulserunt.
1202 326 1258 364 sic
1285 326 1350 361 καὶ
1374 327 1462 360 πέσε
1488 321 1732 361 scribendum
1758 326 1819 361 est
1843 322 1869 359 1.
1883 320 1960 370 XL,

208 380 271 417 12.
293 399 347 406 -—
372 378 422 415 V.
447 379 500 416 ⁶2
525 378 672 415 initium
699 378 813 416 huius
839 388 978 418 uersus
1014 380 1196 429 scriptum
1229 382 1291 416 est
1316 378 1355 414 in
1391 375 1476 414 cod.
1504 375 1552 413 A..
1578 375 1735 423 &myreis
1767 373 1811 412 ἐν
1831 375 1961 425 χώρῳ·

206 442 285 470 non
306 431 420 481 χώρᾳ
447 435 490 468 ut
514 430 555 467 in
580 431 749 481 reliquis.
792 435 906 481 atque
936 431 1081 480 θνητόν
1101 434 1230 483 χοῖρον
1257 430 1396 481 opponi
1419 425 1608 479 ἀθανάτῳ
1627 429 1751 478 χοίρῳ
1782 431 1956 478 apertum

208 491 279 533 est,
306 486 433 533 itaque
461 485 501 520 in
527 488 680 532 promtu
707 484 781 521 fuit
805 485 1034 524 emendatio.
1062 490 1233 523 ceterum
1262 485 1336 522 tale
1361 482 1449 533 quid
1475 481 1780 531 iamOpsopoeo
1799 482 1958 519 inmen-

207 544 286 576 tem
313 541 474 575 uenerat
496 536 560 586 qui
587 537 628 574 in
654 540 824 586 margine
853 538 1050 576 adnotauit
1076 539 1102 576 f.
1127 538 1167 576 ἐν
1197 538 1319 586 θνητῇ
1347 536 1508 586 (χώρᾳ).
1549 535 1589 572 in
1623 535 1788 584 proximi
1817 545 1954 573 uersus

207 592 318 629 initio
336 591 474 628 retinui
500 590 706 632 lectionem
735 592 928 639 uulgatam
951 597 1107 641 propter
1130 602 1327 629 caesuram
1345 590 1574 628 trochaicam
1602 599 1828 638 quamquam
1851 585 1956 624 ἆθα·

208 645 340 681 νάτοιο
367 643 465 680 θεοῦ
491 643 663 690 μεγάλου
691 644 937 693 suppeditare
963 645 1141 682 uidentur
1166 644 1250 682 libri
1276 644 1426 682 uetusti.
1454 644 1492 680 in
1518 642 1591 679 fine
1618 643 1731 692 posui
1754 653 1776 679 e
1805 642 1961 679 coniec-

209 703 296 735 tura
319 695 521 737 εἰσαΐοντες
560 696 662 746 quod
689 697 781 734 mihi
808 699 930 747 magis
955 698 1005 735 ad
1032 698 1208 736 codicum
1235 698 1412 746 uestigia,
1444 698 1483 734 in
1516 694 1652 746 quibus
1688 691 1863 736 οἲΐσαντες
1887 699 1961 744 est,

210 749 396 788 accedere
424 749 595 798 uidetur,
635 761 747 800 quam
785 751 891 800 quod
917 751 1138 789 Alexander
1165 763 1187 789 e
1216 752 1438 789 coniectura
1465 749 1659 800 Opsopoei
1686 749 1853 787 correxit
1880 746 1962 785 αἰὲν

210 803 345 844 ἐόντος.
400 801 619 841 Friedliebii
647 809 906 842 commentum
950 801 1124 849 α’ίξαντος
1162 806 1338 843 uitiosum
1373 810 1432 842 est
1465 815 1489 840 a
1521 804 1667 841 ratione
1703 803 1958 853 grammatica.

209 856 368 896 uerbum
392 855 522 893 εἶσαΐω
547 856 649 906 apud
672 859 911 896 recentiores
941 860 1073 909 epicos
1098 870 1175 896 non
1203 870 1327 896 rarum
1357 864 1426 896 est.
1455 857 1552 895 redit
1578 858 1676 894 infra
1702 869 1740 895 v.
1766 856 1852 895 171.
1882 856 1960 895 354

210 912 244 949 si
272 911 446 960 antiquos
474 910 631 948 codices
661 912 866 961 sequimur.
915 911 958 949 In
986 925 1022 950 v.
1041 913 1093 950 55
1116 912 1205 949 nihil
1232 913 1386 960 mutaui,
1414 922 1636 960 quamquam
1664 909 1782 948 tribus
1809 910 1959 947 mendis

210 963 356 1001 laborat
383 964 568 1012 scriptura
597 965 764 1013 uulgata,
793 970 926 1013 quarto
954 965 1150 1011 trochaeo,
1177 965 1477 1014 interpunctione
1505 964 1544 1000 in
1563 963 1654 1001 sede
1673 964 1823 1013 uitiosa,
1838 973 1959 1013 prauo

210 1018 324 1054 hiatu.
355 1016 424 1054 sed
451 1016 656 1055 trochaeos
684 1018 724 1054 in
752 1023 890 1067 quarto
918 1018 1018 1068 pede
1048 1017 1193 1066 Sibylla
1219 1029 1350 1068 pamm
1376 1018 1531 1066 curauit,
1558 1018 1810 1067 interpunctio
1830 1022 1959 1055 autem

210 1071 430 1108 necessaria
457 1070 529 1107 fuit
556 1071 605 1107 ad
637 1072 764 1120 ipsum
800 1071 1061 1108 excusandum
1090 1072 1241 1108 hiatum.
1286 1077 1481 1120 praeterea
1517 1071 1563 1107 de
1593 1072 1799 1120 scripturae
1833 1070 1957 1107 diuer-

212 1125 321 1162 sitate
350 1124 439 1161 nihil
460 1123 633 1164 innotuit.
650 1145 700 1151 —
730 1123 779 1162 V.
796 1125 848 1162 56
870 1124 1027 1162 codices
1041 1124 1180 1162 habent
1194 1123 1253 1162 ἐπὶ
1266 1129 1558 1175 προφερέστερον
1575 1121 1676 1162 εἶπεν
1702 1124 1804 1174 quod
1817 1124 1955 1162 Friedl.

212 1178 383 1225 retinuit,
423 1177 589 1214 Castalio
617 1189 696 1214 non
723 1179 806 1214 sine
836 1190 975 1215 caussa
1002 1179 1177 1214 correxit.
1221 1190 1307 1214 nam
1334 1178 1508 1214 ἐπιειπεῖν
1534 1183 1608 1214 τινί
1637 1190 1671 1214 τι
1696 1179 1818 1227 ipsum
1845 1179 1955 1214 raris-

214 1231 348 1268 simum
379 1234 438 1267 est
461 1229 620 1267 uerbum
649 1230 910 1280 significatque
939 1232 1158 1280 permittere
1187 1232 1299 1267 alicui
1326 1232 1474 1280 aliquid,
1502 1231 1541 1267 id
1568 1231 1668 1281 quod
1695 1230 1741 1267 ab
1769 1232 1842 1267 hoc
1868 1233 1956 1268 loco

214 1284 377 1321 alienum
418 1287 487 1321 est.
530 1284 709 1333 suspicor
749 1292 878 1321 tamen
918 1285 1121 1334 genuinam
1161 1285 1280 1321 fuisse
1322 1286 1543 1334 scripturam
1584 1283 1651 1332 ἔπη
1691 1281 1957 1335 προφερέστερ’

214 1336 344 1374 ἔειπεν.
374 1342 665 1388 προφερέστερος
698 1338 859 1386 petitum
888 1344 947 1375 est
975 1350 1024 1374 ex
1050 1338 1209 1375 Homeri
1235 1341 1279 1375 K.
1305 1338 1380 1375 352
1408 1338 1505 1374 redit
1528 1338 1626 1386 apud
1654 1338 1782 1384 Quint.
1809 1333 1857 1388 11,
1878 1338 1955 1375 421

216 1398 254 1428 et
268 1391 473 1439 Apollinar.
494 1390 555 1429 Ps.
571 1389 612 1428 L.
630 1392 665 1428 9.
684 1390 821 1428 CXLI.
842 1391 900 1428 16.
913 1412 962 1417 —
984 1392 1032 1427 V.
1051 1392 1101 1428 57
1122 1392 1272 1427 correxi
1286 1391 1324 1427 in
1338 1391 1484 1427 dissert.
1503 1403 1538 1439 p.
1553 1392 1615 1428 23.
1631 1411 1681 1417 —
1694 1392 1741 1427 V.
1759 1392 1808 1428 76
1828 1392 1958 1441 recepi

215 1444 434 1492 scripturam
460 1442 544 1480 libri
566 1443 799 1480 Turnebiani
827 1455 923 1493 quae
953 1445 1034 1480 sola
1055 1449 1176 1480 metro
1192 1445 1384 1490 conuenit,
1399 1445 1513 1492 uulgo
1537 1439 1653 1479 δὀὐκ
1673 1443 1889 1491 ἐγίνωσκον.
1905 1465 1957 1471 -

214 1497 261 1535 V.
283 1497 331 1535 77
362 1497 616 1534 recentiorum
644 1497 822 1534 codicum
859 1497 1083 1547 scripturam
1111 1494 1185 1547 ἄρα
1213 1502 1315 1535 recte
1346 1498 1571 1547 Opsopoeus
1598 1499 1637 1535 in
1665 1494 1761 1548 δ’ἄρ
1788 1499 1957 1547 mutauit,

215 1551 265 1587 id.
282 1551 382 1600 quod
407 1552 519 1587 etiam
546 1553 663 1588 lectio
692 1551 753 1588 Pr.
784 1548 822 1587 δ’
847 1548 1012 1600 ιέμιαροί
1034 1551 1276 1600 suppeditare
1305 1551 1464 1588 uidetur.
1499 1552 1537 1587 in
1564 1551 1637 1588 fine
1665 1563 1799 1589 uersus
1827 1553 1958 1601 recepi

217 1604 517 1642 emendationem
546 1605 673 1642 Anon.
704 1604 822 1643 Paris.
853 1617 921 1654 pro
953 1606 1229 1655 κεκορυθμένοι
1264 1604 1363 1653 quod
1392 1605 1473 1641 sine
1509 1616 1623 1642 sensu
1654 1611 1722 1642 est.
1752 1627 1802 1632 —
1831 1605 1878 1643 V.
1908 1604 1957 1644 78

216 1658 391 1695 codicum
420 1660 643 1706 scripturam
681 1659 740 1705 ἴση
770 1655 807 1693 δ’
833 1655 960 1698 αὐτοῖς
994 1655 1136 1704 ἤλυθεν
1170 1655 1239 1704 ἄτη
1274 1669 1343 1705 pro
1385 1669 1457 1705 qua
1497 1658 1604 1694 Alex.
1633 1659 1721 1694 olim
1750 1670 1799 1695 ex
1826 1659 1958 1696 Aurati

217 1711 436 1747 coniectura
462 1710 512 1752 εἷς
535 1707 573 1747 δ’
600 1707 736 1752 αὐτούς
764 1711 879 1760 dedit,
904 1723 1027 1760 nuper
1055 1710 1115 1747 ἐπὶ
1144 1706 1181 1746 δ’
1209 1706 1343 1751 αὐτούς
1367 1711 1428 1747 uel
1457 1707 1580 1751 αὐτοῖς
1607 1713 1815 1759 proposuit,
1838 1717 1958 1749 trans-

216 1765 348 1813 positis
377 1764 502 1801 uerbis
531 1765 744 1801 emendaui.
781 1765 972 1801 sententia
999 1765 1093 1800 haec
1123 1768 1196 1799 est:
1232 1774 1352 1811 aequa
1385 1764 1576 1800 calamitas
1609 1769 1800 1812 postremo
1829 1776 1878 1801 ex
1905 1766 1960 1801 ira

217 1817 278 1853 dei
306 1818 343 1853 in
365 1817 537 1854 homines
565 1818 683 1865 irruit,
715 1824 827 1866 atque
852 1830 872 1853 e
903 1816 1049 1853 turbata
1078 1817 1262 1853 societate
1291 1820 1402 1851 antea
1429 1816 1501 1863 ipsi
1524 1822 1761 1864 acceperant.
1790 1824 1960 1854 ceterum

217 1871 325 1906 Alex.
355 1871 521 1907 conferri
548 1871 658 1908 iussit
685 1872 707 1907 l.
739 1871 789 1916 V,
818 1872 854 1907 3.
886 1870 989 1918 VIII,
1018 1871 1068 1907 37
1099 1881 1154 1917 sq.
1186 1889 1238 1895 -—
1279 1869 1327 1904 V.
1354 1867 1405 1905 88
1439 1870 1573 1918 scripsi
1600 1882 1643 1915 γε
1681 1881 1750 1918 pro
1777 1883 1826 1917 τε,
1860 1871 1961 1919 quod

217 1923 276 1958 hic
300 1934 376 1958 non
405 1925 526 1959 solum
552 1924 733 1972 abundat,
763 1924 833 1960 sed
862 1924 975 1960 etiam
1005 1923 1232 1959 sententiam
1261 1921 1395 1970 perdit.
1424 1921 1523 1958 idem
1557 1923 1822 1960 intellexerunt
1849 1924 1959 1961 Alex.

218 1982 255 2012 et
279 1976 402 2013 Anon.
431 1976 513 2014 Par.
532 1998 580 2002 —
604 1977 652 2014 V.
679 1978 731 2015 92
760 1978 903 2026 antiqui
928 1976 1084 2013 codices
1113 1975 1252 2012 habent
1278 1978 1477 2022 μηχανίαις
1503 1975 1652 2024 duplice
1681 1977 1814 2013 calami
1840 1978 1959 2027 lapsu.

217 2030 449 2067 recentiores
479 2026 705 2077 ἀμηχανίας.
735 2031 934 2068 nobiscum
969 2030 1061 2067 facit
1090 2030 1214 2066 Anon.
1248 2026 1366 2064 Lond.
1400 2052 1447 2057 —
1477 2029 1526 2066 V.
1552 2031 1601 2067 97
1630 2030 1821 2076 μεμηλότε
1848 2031 1959 2068 codd.

218 2087 306 2118 antt.
337 2085 413 2120 rell.
440 2085 659 2131 μεμηνότες,
688 2085 789 2134 quod
813 2083 1043 2121 Friedliebio
1071 2084 1122 2119 ita
1150 2082 1317 2131 inposuit
1342 2086 1383 2118 ut
1409 2086 1530 2118 metro
1557 2084 1733 2132 neglecto
1752 2085 1964 2132 μεμηλότες

219 2135 359 2173 ederet.
377 2148 512 2175 sensus
535 2142 605 2185 est,
621 2139 684 2175 alii
699 2139 769 2176 alia
785 2137 1079 2185 fabricauerunt,
1105 2147 1354 2185 quaecunque
1373 2135 1479 2172 cordi
1494 2136 1656 2174 fuerunt.
1674 2157 1722 2163 —
1738 2137 1782 2174 V.
1798 2138 1849 2175 99
1869 2144 1959 2175 antt.

220 2189 327 2224 codd.
358 2191 493 2236 ταύτης
521 2188 599 2226 ὅττι
628 2195 742 2236 φασὶν
771 2188 991 2237 ἀκύμαντον
1019 2188 1107 2225 νόον
1133 2186 1248 2235 εἶχον,
1273 2188 1373 2236 quod
1401 2188 1510 2224 Alex.
1536 2190 1574 2225 in
1589 2201 1686 2225 eurr.
1703 2195 1813 2238 postt.
1829 2203 1864 2240 p.
1883 2192 1960 2228 139

218 2242 270 2278 ita
297 2243 474 2280 correxit:
512 2244 682 2292 τοιαύτης
712 2241 769 2281 ὅτι
799 2247 915 2292 φασὶν
950 2239 1156 2292 ἀκοίμητον
1191 2241 1282 2279 νόον
1308 2237 1420 2289 εἶχον.
1457 2241 1525 2279 sed
1551 2243 1590 2279 in
1623 2239 1841 2292 ἀκύμαντον
1871 2245 1962 2282 nihil

219 2296 449 2343 mutandum,
478 2309 564 2334 nam
592 2303 697 2334 recte
732 2299 962 2347 Opsopoeus
991 2299 1260 2345 interpretatur
1280 2293 1388 2343 ‘quia
1414 2296 1453 2330 in
1481 2301 1635 2358 pectore
1664 2297 1835 2334 sedatum
1864 2299 1899 2335 h.
1928 2309 1960 2336 e.

219 2354 470 2398 praesentem,
499 2349 567 2387 sibi
597 2356 833 2388 constantem
864 2357 902 2388 et
930 2351 1124 2388 sollertem
1154 2348 1317 2385 animum
1346 2354 1502 2397 gerunt.

929 2443 966 2468 v.
996 2430 1072 2467 100
1082 2450 1131 2481 -.
1141 2428 1230 2466 που.

327 2504 374 2542 V.
405 2506 480 2544 104
509 2506 634 2545 deleui
656 2522 688 2557 μ
714 2509 876 2546 litteram
904 2509 944 2546 in
973 2503 1291 2558 ὄμβριμόθυμος,
1313 2505 1398 2556 quia
1426 2502 1615 2559 ὄμβριμος
1641 2511 1680 2547 et
1707 2508 1841 2548 similia
1864 2520 1959 2549 nun-

218 2570 330 2608 quam
365 2571 387 2595 a
413 2567 526 2608 poeta
551 2564 661 2611 epico
690 2563 788 2600 dicta
814 2569 911 2601 sunt.
941 2582 993 2589 —
1026 2563 1073 2599 V.
1104 2561 1180 2598 121
1209 2562 1248 2597 in
1275 2559 1447 2598 omnibus
1475 2561 1670 2600 codicibus
1699 2564 1870 2601 uitiosus.
1899 2574 1959 2600 re·
