2189 3011
1089 121 1113 158 4

236 230 378 270 exarati
404 232 500 267 sunt.
557 227 687 277 Itaque
715 238 850 264 omnes
870 228 1104 276 grauissimis
1133 227 1354 277 corruptelis
1378 223 1549 263 laborant
1574 227 1613 261 et
1636 234 1684 260 ne
1699 232 1797 260 unus
1816 219 1968 271 quidem

236 308 318 335 eam
345 295 491 344 attingit
513 294 777 344 praestantiam
808 302 848 330 ut
876 294 922 330 iis
951 296 1189 331 oraculorum
1214 290 1500 330 collectionibus
1523 289 1706 328 committi
1719 288 1851 339 possit,
1873 297 1970 337 quae

235 363 303 400 SS.
329 360 500 399 Patribus
529 365 799 397 usuuenerunt.
862 360 958 397 Nam
990 373 1086 410 quae
1120 362 1258 410 passim
1288 359 1333 397 ab
1361 359 1418 396 his
1447 363 1486 396 et
1512 370 1535 394 a
1558 357 1753 395 Lactantio
1780 357 1819 393 in
1840 355 1970 405 primis

234 430 470 467 oraculorum
498 427 707 475 fragmenta
740 427 920 474 citantur,
957 432 1102 464 textum
1132 426 1309 465 exhibent
1335 425 1536 463 admodum
1566 424 1722 473 bonum,
1753 425 1970 471 corruptum

234 494 383 545 quidem
409 492 508 530 haud
534 493 665 542 paucis
693 493 731 528 in
756 493 870 541 locis,
909 493 977 530 sed
1014 505 1215 544 numquam
1241 492 1395 530 barbare
1421 491 1628 539 foedatum,
1656 495 1694 528 et
1721 501 1805 527 cum
1836 498 1970 525 omnes

233 563 469 598 oraculorum
495 560 650 595 codices
674 560 767 595 haec
787 560 998 607 fragmenta
1023 566 1212 597 uetustate
1242 560 1481 609 praecedant,
1505 560 1542 595 in
1566 560 1646 608 ipsa
1674 557 1847 594 codicum
1877 566 1969 591 con-

234 627 382 664 dicione
411 624 647 662 diiudicanda
672 630 710 661 et
738 625 873 674 pretio,
899 625 998 663 haud
1025 627 1130 675 parui
1149 626 1322 663 facienda
1346 630 1442 664 sunt.
1498 624 1660 663 Omnino
1674 628 1812 665 autem.
1838 625 1877 659 ut
1895 622 1968 658 iam

234 695 294 730 alii
309 697 412 729 recte
432 697 670 737 monuerunt,
687 696 765 727 tres
782 691 1051 739 Sibyllinorum
1075 694 1249 729 codicum
1271 694 1413 729 classes
1437 691 1656 728 statuendae
1677 695 1773 728 sunt.
1803 689 1971 734 Quarum

233 760 351 809 prima
379 769 424 793 ea
449 762 519 800 est,
547 768 643 805 quae
671 758 910 793 oraculorum
938 757 1054 794 libros
1084 758 1299 804 XI—XIV,
1320 757 1385 799 IV„
1409 757 1463 793 VI
1486 769 1572 793 eum
1602 757 1725 793 Octaui
1753 760 1856 804 parte
1879 765 1970 791 con·

233 827 337 873 tinet,
366 823 413 859 ad
440 823 736 871 fragmentorum
768 824 990 872 scripturam
1022 836 1131 873 quam
1160 825 1329 873 proxime
1359 823 1557 860 accedens.
1602 822 1814 860 Secundum
1844 823 1971 858 locum

234 893 270 929 ei
291 896 421 928 tenent
451 889 624 937 codices,
667 890 731 938 qui
767 896 857 926 octo
898 891 1045 939 priores
1086 890 1200 928 libros
1241 902 1288 927 eo
1325 889 1454 926 ordine
1499 890 1712 938 continent,
1747 901 1857 938 quem
1885 891 1973 938 post

182 952 184 955 ’
234 958 400 1006 Xystum
429 955 641 992 Betuleium
666 963 867 992 seruarunt
896 956 1076 999 editores„
1106 957 1208 1005 siglis
1236 957 1270 993 A
1286 956 1314 993 B
1332 956 1380 993 Pr
1407 957 1525 992 notati
1548 967 1570 992 a
1598 955 1836 1004 Friedliebio,
1859 966 1971 1004 quem

234 1037 382 1074 sequor.
437 1022 497 1059 Ab
526 1023 582 1059 his
611 1023 809 1059 codicibus
847 1023 1131 1060 fundamentum
1161 1025 1367 1072 scripturae
1405 1024 1607 1072 petendum
1637 1029 1695 1060 est
1723 1024 1768 1059 iis
1797 1024 1834 1059 in
1855 1022 1971 1071 libris,

234 1092 297 1142 qui
317 1092 354 1127 in
377 1088 571 1126 codicibus
600 1089 743 1138 primae
773 1091 906 1126 classis
935 1091 1066 1126 omissi
1094 1096 1192 1137 sunt,
1217 1090 1233 1126 I
1248 1090 1370 1137 -ΙΙΙ,
1392 1090 1440 1133 V,
1459 1090 1530 1126 VII
1555 1095 1592 1126 et
1614 1090 1651 1125 in
1668 1090 1791 1126 Octaui
1810 1090 1972 1126 maxima

234 1163 351 1207 parte.
426 1156 558 1192 Restat
584 1156 696 1191 tertia
730 1157 864 1192 classis
905 1156 1079 1192 codicum
1108 1157 1138 1192 F
1163 1156 1192 1192 L
1218 1157 1262 1203 R,
1291 1168 1385 1205 quos
1415 1168 1464 1192 ex
1497 1156 1631 1192 eodem
1660 1156 1764 1192 fonte
1790 1168 1877 1192 cum
1910 1168 1969 1192 se-

235 1223 357 1261 cunda
384 1224 505 1259 classe
531 1220 689 1258 fluxisse
727 1222 969 1258 manifestum
997 1228 1072 1267 est,
1111 1234 1333 1271 quamquam
1364 1221 1541 1258 librorum
1570 1222 1739 1259 ordinem
1768 1224 1971 1271 paullulum

234 1289 521 1327 immutauerint.
564 1287 728 1323 Textum
752 1289 930 1324 exhibent
951 1289 988 1324 hi
1013 1289 1167 1324 codices
1192 1290 1438 1336 neglegenter
1462 1289 1655 1336 scriptum,
1684 1289 1784 1325 uitiis
1804 1289 1972 1325 cuiusuis

234 1356 384 1406 generis
413 1355 670 1403 deprauatum,
711 1355 857 1390 lacunis
886 1355 1062 1393 hiantem.
1092 1353 1440 1403 interpolationibus
1478 1355 1671 1402 refertum,
1700 1360 1740 1391 ut
1767 1356 1805 1390 in
1834 1355 1972 1391 consti-

234 1422 383 1460 tuendis
414 1421 575 1457 oraculis
605 1420 686 1456 fere
715 1421 853 1456 nullius
878 1422 953 1456 siut
981 1421 1100 1468 pretii.
1160 1422 1275 1456 Cuius
1305 1421 1359 1456 rei
1379 1422 1607 1457 luculentum
1632 1427 1733 1457 extat
1759 1423 1972 1470 exemplum

234 1489 280 1536 II,
309 1488 386 1525 222
414 1499 490 1536 sqq.
521 1497 596 1536 quo
631 1488 718 1522 loco
754 1486 801 1522 de
831 1486 972 1523 iudicio
1006 1487 1228 1523 uaticinatur
1257 1485 1409 1534 Sibylla.
1474 1487 1515 1523 Iu
1551 1487 1765 1524 Friedliebii
1793 1488 1971 1536 editione,

234 1557 296 1605 qui
324 1556 405 1591 fere
433 1565 583 1602 semper
613 1554 783 1601 peiorum
807 1554 983 1589 codicum
1005 1555 1215 1589 auctoritati
1245 1554 1423 1593 adhaesit,
1454 1557 1832 1601 contraseiitentiam,
1849 1567 1970 1604 gram-

234 1623 405 1659 maticam
436 1625 473 1656 et
502 1624 660 1655 metrum
691 1620 728 1655 hi
759 1631 893 1656 uersus
922 1621 972 1655 itu
1002 1621 1189 1667 leguntur:

532 1689 596 1720 καὶ
625 1687 709 1720 τότε
740 1690 936 1733 νερτέρίοις
965 1686 1100 1731 ψυχὰς,
1128 1689 1190 1719 καῖ
1219 1687 1381 1731 πνεῦμα,
1409 1688 1470 1719 καῖ
1497 1682 1623 1732 αὐδὴν,

532 1752 642 1787 δώσει
670 1751 891 1800 ἐπουριῖνιος
914 1752 1018 1794 θεὸς,
1049 1747 1162 1786 ιῖστὲα
1193 1749 1478 1799 θ’ἆρμοσᾶέντα

535 1817 669 1866 ἁρμοῖς
696 1822 901 1861 παντοίοις,
931 1820 1061 1865 σαρξὶν
1089 1816 1129 1851 δέ
1158 1830 1190 1851 τι·
1221 1818 1359 1856 πάσαις
1386 1819 1527 1866 σάρκας

535 1887 701 1933 νεύρεσιν
730 1885 842 1932 ιέῦριέ
874 1897 923 1927 τε,
952 1889 1020 1919 καί
1045 1897 1076 1918 η,
1107 1884 1308 1929 ‹piabo-mv
1336 1882 1502 1924 ἁπάσαις
1525 1882 1634 1931 αἷμα,

404 1951 492 1988 225.
524 1951 644 1999 δέρμα
668 1950 722 1995 δέ,
750 1950 828 1997 γ’ἐν
850 1950 944 1999 χροῒ
966 1949 1004 1984 (ἁ
1027 1953 1113 1998 πρὶν
1138 1948 1283 1998 ἔθειραι
1312 1950 1479 1990 elnaem,-
1504 1952 1690 1996 φύσουσιν.

237 2019 286 2054 At
311 2017 463 2054 codices
493 2017 540 2053 Pr
568 2018 600 2053 A
630 2030 665 2054 v.
695 2018 774 2054 Ἐὖ
804 2028 960 2066 prorsus
990 2016 1176 2063 omittunt,
1206 2028 1239 2052 v.
1268 2016 1344 2052 223
1374 2017 1428 2053 sic
1460 2017 1650 2054 exhibent:
1713 2016 1849 2066 ἁρμοῖς
1874 2033 1973 2056 παν-

238 2088 348 2123 τοίοις
370 2086 475 2132 σαρξὶ
504 2084 638 2132 σάρκες
664 2086 727 2118 καὶ
757 2085 868 2130 νεῦρα
897 2086 980 2131 περὶ
1003 2082 1110 2131 χροῒ,
1149 2087 1186 2117 et
1219 2095 1254 2119 v.
1282 2082 1377 2119 ⁶224:
1418 2084 1479 2119 καὶ
1511 2085 1646 2131 φλέβες
1678 2081 1742 2132 ἥδέ
1779 2099 1811 2121 τε
1851 2085 1972 2136 δέρμα

239 2148 308 2185 δάὶ
336 2153 421 2199 πρὶν
449 2148 611 2199 ἔθειραι,
640 2149 739 2186 unde
767 2161 842 2185 non
872 2148 1002 2185 ‹lubito
1031 2148 1126 2184 hanc
1155 2149 1376 2197 scripturam
1404 2150 1617 2187 restituere:

536 2215 675 2263 ἁρμοῖς
702 2222 902 2259 παντοίοις,
933 2218 1064 2264 σαρξὶν
1093 2216 1232 2263 σάρκας
1257 2219 1320 2251 καὶ
1348 2218 1456 2266 νεῦρα

534 2286 598 2318 καὶ
627 2284 773 2329 φλέβας
800 2279 864 2330 ἥδέ
892 2296 926 2318 τε
953 2281 1074 2331 δέρμα
1098 2284 1181 2329 περὶ
1204 2281 1294 2329 χροῒ
1314 2286 1376 2318 καὶ
1403 2288 1487 2332 πρίν
1511 2282 1670 2333 ἐθείρας,

237 2349 272 2384 h.
302 2359 335 2384 e.
364 2348 537 2385 carnibus
575 2361 726 2386 carnem
758 2349 890 2385 reddet
932 2349 1027 2385 deus
1064 2353 1102 2384 et
1136 2359 1276 2384 neruos
1308 2354 1345 2386 et
1372 2361 1490 2387 venas
1522 2355 1561 2387 et
1588 2357 1713 2388 cutem
1756 2357 1794 2388 et
1827 2352 1974 2401 priores

237 2414 404 2463 capiIIOS‚
432 2415 531 2464 quod
559 2420 690 2452 contra
713 2414 880 2463 Sibyllae
896 2426 1020 2464 neque
1036 2419 1195 2450 metrum
1210 2425 1330 2464 neque
1345 2418 1521 2464 syntaxin
1543 2417 1682 2455 dictum
1704 2423 1773 2455 est.
1803 2423 1973 2457 ceterum

237 2492 286 2518 ex
312 2480 445 2517 iisdem
473 2481 667 2519 codicibus
695 2483 806 2519 etiam
836 2495 869 2519 v.
892 2482 974 2519 222
1000 2481 1185 2529 legendus
1213 2487 1286 2518 est:

535 2546 648 2585 δαίσει
673 2547 894 2600 ἐπουράνιος
919 2551 988 2585 καί
1011 2543 1156 2584 wama
1180 2544 1434 2599 ἁρμοσθέντα,
