2189 2978
1033 160 1083 199 19

183 264 368 315 scripsit,
388 264 558 302 Genesin
583 266 791 317 respiciens
817 266 857 316 2,
888 268 925 305 1.
949 265 1149 318 productio
1183 265 1308 305 breuis
1336 263 1507 314 syllabae
1546 264 1630 303 siue
1657 274 1739 314 per
1752 263 1929 304 uocalem

182 319 349 365 clausae,
377 318 461 355 siue
487 329 557 368 per
582 329 809 365 οοιιεοιιιιιιι,
844 325 932 371 post
958 320 1060 358 arsin
1087 319 1258 370 secundi,
1291 319 1405 368 tertii,
1437 318 1561 370 quarti
1593 317 1783 357 interdum
1810 317 1934 356 et‘nm

182 371 302 422 quinti
328 370 437 420 pedis
464 381 619 421 prorsus
645 374 812 422 legitima
838 378 900 412 est
926 372 1141 423 Sibyuistis.
1174 384 1298 424 neque
1326 372 1603 410 seiunctionem
1631 382 1722 422 prae

181 436 206 462 a
231 423 351 463 uerbo
378 435 447 474 per
472 425 610 463 tmesin
641 426 780 465 factam
813 438 925 477 quam
952 428 1067 476 uulgo
1094 425 1225 465 dicunt
1251 427 1476 464 uitauerunt.
1507 443 1557 453 -—
1592 425 1641 463 V.
1669 425 1726 464 25
1750 425 1926 473 μεμήλοι

182 478 271 516 dedi
296 487 366 541 pro
392 479 542 542 μιμήλῃ
557 484 722 542 *propter
756 481 947 529 syntaxim
987 479 1090 530 quod
1116 480 1156 517 in
1190 480 1364 530 proximo
1392 489 1519 526 uersu,
1551 479 1591 516 in
1617 489 1695 529 quo
1722 479 1839 529 uulgo
1865 479 1922 516 le-

180 532 280 581 gitur
308 526 428 582 αὖιὰρ
450 529 473 569 ὃ
497 534 635 580 μοῦνος
657 532 742 582 ἐῶν,
765 533 921 572 codices
947 544 1069 584 paene
1097 544 1230 571 omnes
1261 533 1303 574 ὃς
1323 531 1462 570 habent
1487 532 1612 571 minus
1638 531 1736 570 bene
1763 531 1812 570 ad
1838 542 1921 570 me-

180 590 293 633 trum,
319 585 392 621 hoc
419 586 533 622 nolim
563 588 669 624 casui
701 586 877 625 tribuere.
932 587 1072 624 etenim
1105 598 1247 623 censeo
1279 587 1318 623 in
1356 584 1551 634 Sibyllinis
1586 597 1738 635 quoque
1775 586 1920 623 formas

180 638 327 675 articuli
354 639 527 688 quotiens
553 641 816 689 pronominum
842 641 931 678 loco
958 645 1100 687 essent
1127 639 1246 677 fuisse
1273 643 1406 677 tenore
1434 639 1637 676 instructas
1664 649 1830 689 eumque
1857 649 1919 676 re-

180 691 395 728 uocandum
422 703 509 729 esse
544 692 592 729 ad
625 704 691 730 eas
729 695 850 742 leges
868 694 916 731 de
951 692 1085 742 quibus
1126 692 1334 729 Merkelius
1376 692 1581 741 disputauit
1605 693 1644 728 in
1671 693 1840 742 prolegg.
1870 691 1919 728 ad

179 744 302 794 Apoll
330 744 450 782 Rbod.
479 744 539 783 ed.
567 746 655 784 min.
684 759 720 796 p.
750 746 836 784 XV.
865 746 970 784 XVI.
999 757 1095 796 quae
1123 757 1211 783 cum
1243 746 1396 794 ignotae
1428 750 1560 782 essent
1590 744 1749 783 librariis
1781 756 1917 783 recen-

178 797 349 845 tioribus,
377 803 558 836 accentus
585 804 650 836 aut
671 810 826 849 prorsus
852 800 1016 836 omissus
1043 804 1103 836 est
1129 804 1193 835 aut
1214 808 1425 860 pronomen
1447 798 1645 835 relatiuum
1669 799 1821 848 saepius
1845 809 1916 848 pro

179 850 475 889 demonstratiuo
516 852 697 901 scriptum
728 853 767 889 in
798 852 1030 890 nominatiuo
1065 863 1167 889 casu.
1212 852 1250 888 in
1278 851 1351 888 fine
1385 861 1519 887 uersus
1551 850 1662 888 Alex.
1698 852 1914 901 nuperrime

180 902 262 954 ᾔδέι
292 905 399 955 κήπῳ
426 905 631 955 proposuit.
670 906 739 944 sed
766 907 886 944 erasis
912 905 1003 944 nihil
1029 905 1182 943 molesti
1207 903 1333 953 habet,
1374 904 1492 941 immo
1533 905 1705 953 syntaxis
1732 910 1774 942 ut
1800 905 1914 943 facile

179 956 274 995 ἐνών
301 959 434 1007 aliquis
461 959 625 995 coniciat
651 971 720 1008 pro
746 958 832 1004 ἐῶν,
860 959 930 996 sed
955 959 1172 995 conferatur
1200 958 1247 995 de
1274 957 1450 994 liberiore
1479 956 1595 994 datiui
1621 969 1693 994 usu
1721 970 1755 995 v.
1780 959 1854 995 191
1876 963 1916 995 et

179 1011 277 1048 infra
303 1023 339 1049 v.
366 1011 456 1049 212.
486 1010 564 1049 282
589 1013 668 1049 rell.
699 1033 749 1039 -
782 1012 831 1050 V.
856 1011 907 1050 29
935 1012 1106 1060 λαπάρας
1139 1021 1208 1061 pro
1242 1009 1414 1061 λαπάρης
1451 1009 1589 1047 habent
1624 1010 1779 1048 codices
1805 1022 1914 1061 prae-

180 1065 394 1113 stantiores‚
421 1065 522 1114 quod
548 1066 635 1114 quia
660 1066 699 1102 in
722 1067 858 1103 ionicis
885 1066 1017 1102 formis
1036 1064 1261 1114 usurpandis
1280 1076 1411 1113 parum
1432 1063 1503 1101 sibi
1528 1069 1715 1112 constant,
1742 1066 1914 1114 recipere

179 1129 256 1154 non
283 1117 460 1154 dubitaui.
517 1116 618 1154 Εὔαν
644 1124 756 1155 acuto
784 1123 917 1155 tenore
945 1129 1022 1154 non
1050 1116 1295 1154 circumflexo
1319 1117 1378 1154 Pr.
1404 1123 1443 1154 et
1470 1121 1687 1154 constanter
1713 1116 1832 1154 LXX.
1863 1140 1912 1148 -

178 1171 227 1207 V.
252 1169 303 1207 37
329 1171 368 1207 in
395 1170 546 1219 optimis
572 1170 676 1208 libris
711 1173 767 1208 sic
793 1171 984 1208 inuenitur
1017 1173 1083 1206 καὶ
1115 1168 1167 1210 ὥς
1199 1169 1315 1219 θῆρες
1343 1169 1388 1216 δὴ
1421 1170 1598 1216 βένεσκον
1632 1166 1914 1215 ἅποσκοπέεσσι,

181 1233 250 1272 pro
278 1233 352 1272 quo
368 1223 595 1272 Opsopoeus
621 1223 724 1260 dedit
749 1226 814 1260 καὶ
838 1221 890 1264 ὥς
925 1222 1040 1272 θῆρες
1066 1222 1110 1270 δὴ
1142 1223 1315 1270 βίνεσκον
1342 1219 1418 1258 ἀπὸ
1446 1223 1633 1270 σκοπιῇσι,
1675 1222 1756 1260 sine
1785 1234 1911 1261 sensu.

178 1277 261 1325 ipse
280 1276 368 1313 olim
391 1276 487 1312 hanc
510 1278 691 1326 proposui
709 1277 933 1338 scripturam
955 1289 1037 1323 χως
1061 1276 1174 1326 θῆρες
1199 1276 1239 1313 δὲ
1265 1276 1438 1324 βίνεσκον
1461 1271 1728 1312 αποσκεπέεσσι
1747 1277 1912 1323 μέλεσσι.

180 1330 346 1365 ultimam
369 1340 506 1365 uocem
536 1329 678 1366 addunt
700 1329 730 1366 F
745 1328 836 1378 LR,
863 1330 1027 1378 priorem
1055 1334 1159 1365 recte
1185 1328 1402 1365 Alexander
1433 1329 1605 1365 restituit.
1646 1328 1716 1365 sed
1741 1329 1914 1375 βίνεσκον

179 1381 302 1419 forma
325 1380 437 1419 dubia
464 1389 523 1420 est
549 1393 673 1433 neque
702 1383 793 1421 satis
819 1387 907 1434 apta
929 1382 977 1420 ad
998 1383 1163 1431 μέλεσσι.
1191 1383 1315 1434 itaque
1340 1393 1440 1420 nunc
1463 1382 1502 1420 in
1521 1387 1699 1432 corrupto
1719 1382 1805 1420 loco
1823 1381 1913 1420 illud

180 1436 285 1485 dedi,
319 1436 420 1485 quod
447 1437 764 1486 simplicissimum
798 1437 1007 1475 uidebatur.
1036 1457 1086 1464 —-
1119 1438 1168 1474 V.
1197 1436 1247 1474 38
1281 1437 1461 1473 reuocaui
1481 1437 1683 1473 lectionem
1719 1437 1912 1486 Opsopoei

179 1489 318 1526 editam
343 1489 391 1525 ad
418 1489 529 1526 fidem
558 1490 669 1527 codd.
696 1490 745 1528 Pr
772 1490 808 1527 A
840 1489 895 1541 Β.,
936 1491 975 1527 ιιι
1002 1489 1135 1540 quibus
1163 1490 1344 1539 scriptum
1372 1494 1431 1527 est
1456 1491 1520 1525 καὶ
1546 1493 1741 1537 μετέπειτα
1758 1489 1797 1526 δὲ
1819 1489 1913 1531 θεᾶς

180 1545 277 1579 τοῖσι
302 1542 466 1590 ἐφετμὰς
493 1540 708 1594 αγορεύσας.
739 1544 785 1581 de
806 1520 1053 1605 productione
1083 1543 1208 1581 breuis
1242 1542 1409 1591 syllabae
1447 1543 1588 1580 dietum
1624 1548 1683 1579 est
1710 1542 1758 1579 ad
1788 1556 1823 1580 v.
1844 1544 1909 1591 21,

180 1596 226 1633 de
257 1595 418 1644 ἐφετμάς
449 1596 497 1632 ad
524 1609 559 1634 v
614 1627 620 1634 .
649 1597 751 1634 idem
782 1598 840 1633 uir
877 1597 1011 1633 doctus
1044 1596 1217 1633 codicum
1247 1597 1448 1633 lectionem
1489 1597 1652 1644 ψαύσειν
1683 1597 1841 1633 mutauit
1872 1597 1911 1633 in

178 1650 327 1697 ψαύειν.
355 1649 424 1686 sed
451 1650 512 1687 hic
539 1650 655 1687 futuri
683 1662 774 1688 usus
798 1662 875 1687 non
899 1655 1031 1687 contra
1059 1650 1273 1697 Sibyllistae
1303 1649 1516 1687 dictionem.
1542 1670 1592 1676 -—
1619 1648 1667 1686 V.
1696 1650 1749 1686 42
1775 1651 1814 1686 in
1844 1661 1909 1686 co-

178 1701 324 1739 dicibus
352 1703 503 1739 mutilus
531 1707 590 1739 est
622 1700 721 1739 ἄλλα
754 1703 846 1751 γυνὴ
872 1702 1047 1753 προδότις
1071 1698 1185 1750 γίνετ’
1212 1701 1356 1753 ἐκείνῳ,
1410 1702 1636 1752 Opsopoeus
1675 1713 1729 1743 τις
1753 1702 1910 1740 inseruit

178 1761 265 1805 post
292 1755 466 1805 προδότις
497 1768 658 1805 eumque
686 1757 809 1794 secuti
836 1762 924 1794 sunt
947 1757 1121 1793 editores.
1150 1756 1219 1793 sed
1248 1757 1416 1804 ineptum
1451 1767 1537 1792 esse
1565 1767 1775 1803 pronomen
1803 1756 1908 1793 inde-

177 1809 320 1846 finitum
348 1809 420 1845 hoc
447 1809 486 1845 in
513 1810 612 1857 loco,
640 1808 705 1846 ubi
731 1808 778 1846 de
807 1814 911 1846 certa
938 1807 1043 1846 Euae
1068 1820 1229 1857 persona
1255 1809 1418 1857 loquitur
1444 1815 1569 1857 poeta,
1599 1807 1676 1845 dixi
1703 1809 1742 1845 in
1769 1807 1908 1846 disser-

177 1863 331 1910 tatione‚
365 1866 592 1922 quapropter
628 1863 738 1899 aliam
779 1862 949 1911 quaesiui
975 1861 1170 1899 medelam.
1200 1883 1248 1889 —
1278 1862 1324 1899 V.
1350 1861 1399 1898 44
1428 1862 1500 1897 iam
1538 1861 1765 1910 Opsopoeus
1802 1867 1908 1899 recte

178 1915 401 1953 emendauit.
437 1915 476 1951 in
513 1915 673 1965 antiquis
709 1914 812 1952 libris
848 1915 1009 1964 scriptus
1043 1919 1102 1952 est
1139 1912 1180 1955 ὅς
1206 1911 1246 1951 δ’
1271 1913 1413 1951 ἐπέεσσι
1449 1915 1625 1962 γυναικὸς
1656 1920 1908 1976 πεπεισμένος

177 1969 309 2006 uitium
337 1969 533 2004 metricum
568 1968 784 2005 Friedliebii
811 1968 961 2005 auribus
999 1969 1187 2017 placuisse
1228 1980 1305 2004 non
1340 1969 1464 2006 miror.
1504 1968 1543 2003 in
1575 1969 1747 2017 proximo
1779 1980 1909 2018 uersu,

178 2024 276 2059 sicut
302 2021 399 2057 infra
423 2019 567 2069 v.158‚
595 2023 737 2058 mutaui
761 2026 933 2058 tenorem
960 2022 999 2057 in
1026 2032 1122 2057 uoce
1151 2026 1293 2057 κτιστου
1320 2021 1367 2057 ad
1387 2025 1559 2057 ueterum
1581 2022 1909 2070 grammaticorum

177 2080 391 2127 praecepta.
420 2085 506 2112 nam
533 2075 573 2112 in
600 2074 819 2113 accentibus
846 2086 923 2113 non
947 2075 1061 2112 nimia
1088 2074 1181 2113 fides
1214 2074 1481 2123 Sibyllinorum
1510 2073 1705 2112 codicibus
1737 2074 1911 2113 habenda

177 2135 245 2167 est
282 2130 407 2179 itaque
431 2130 544 2165 etiam
573 2130 723 2166 enclisis
752 2128 983 2166 restituenda
1010 2128 1080 2166 fuit
1106 2140 1143 2167 v.
1160 2128 1210 2166 49
1239 2134 1277 2166 et
1299 2127 1563 2178 expellendum
1587 2128 1697 2179 αἴραν
1719 2139 1752 2166 e.
1769 2140 1806 2170 v.
1820 2129 1909 2168 396.

177 2205 227 2211 —
256 2182 304 2220 V.
334 2183 383 2220 47
413 2183 542 2231 recepi
576 2183 799 2232 scripturam
833 2183 943 2220 unius
975 2182 1058 2220 cod.
1086 2182 1129 2231 F,
1172 2193 1246 2219 non
1275 2188 1428 2231 propter
1460 2182 1604 2219 codicis
1646 2183 1910 2220 auctoritatem

178 2247 273 2287 quae
301 2246 417 2285 prope
446 2237 547 2272 nulla
574 2240 649 2284 est,
691 2235 760 2272 sed
793 2236 881 2285 quia
908 2236 1057 2284 uulgata
1089 2233 1326 2285 ε’,ιιπείραντες
1355 2236 1482 2285 inepte
1525 2241 1655 2272 contra
1683 2236 1910 2274 sententiam

176 2295 327 2341 pugnat
355 2289 476 2326 forma
504 2286 747 2338 αμπείραντες
773 2294 863 2327 nota
891 2294 949 2327 est
977 2301 1025 2327 ex
1044 2289 1202 2327 Homeri
1225 2291 1269 2326 B.
1285 2289 1373 2328 426
1403 2301 1477 2339 quo
1505 2290 1592 2326 loco
1620 2290 1659 2326 in
1678 2291 1909 2327 memoriam

175 2345 281 2381 uenit
306 2344 555 2392 fragmentum
583 2342 762 2380 Nicandri
789 2355 810 2380 e
827 2343 1025 2392 Georgicis
1053 2349 1261 2381 seruatum
1271 2342 1316 2379 ab
1332 2343 1468 2380 Athen.
1482 2342 1548 2380 IX.
1572 2355 1607 2392 p
1623 2343 1702 2380 372
1717 2355 1752 2392 e,
1772 2344 1812 2380 in
1833 2355 1910 2394 quo

175 2409 245 2447 per
271 2397 408 2435 tmesin
438 2396 574 2460 legitur

505 2445 624 2499 αὖτάρ
651 2447 727 2497 μὴν
755 2450 882 2490 σικύας
909 2450 1063 2498 τιιήγων
1091 2445 1164 2486 ἇνά
1190 2450 1392 2497 κλώσμασι
1415 2454 1558 2498 πείραις

177 2505 315 2552 inepte.
355 2515 441 2540 nam
473 2502 568 2540 bene
602 2502 752 2552 quidem
784 2503 823 2540 in
860 2503 985 2540 Iliadis
1011 2504 1097 2540 loco
1133 2501 1332 2550 σπλαγχνα
1372 2502 1538 2539 uerubus
1573 2508 1749 2551 poterant
1776 2500 1910 2550 ἀμπεί-

178 2556 338 2621 ρασθαι,
365 2567 442 2592 ιιοιι
469 2567 562 2593 uero
589 2559 748 2605 possunt
775 2555 991 2593 cucurbitae
1019 2556 1099 2593 filis.
1141 2557 1265 2605 itaque
1299 2555 1538 2592 scribendum
1567 2560 1642 2592 est:
1690 2569 1763 2592 ανα
1789 2555 1911 2593 κλώσ-

177 2605 272 2658 ματ’
299 2607 476 2659 ἐπείραις,
500 2610 714 2660 germanice
733 2606 859 2647 ‘reihe
888 2610 943 2647 sie
972 2609 1040 2647 auf
1063 2610 1251 2648 schnuren
1278 2620 1326 2646 an
1355 2605 1559 2649 einander'.
