2189 2978
247 801 492 911 Guilielmo
516 866 711 907 Dindorfio
739 868 821 906 uiro
849 868 1059 907 clarissimo
1092 868 1157 918 qui
1196 867 1332 905 mirum
1373 870 1550 918 quantum
1592 868 1690 906 meis
1717 866 1854 906 studiis
1880 866 1988 905 fauet

245 940 413 984 auctore,
441 946 582 972 nouam
608 934 879 983 Sibyllinorum
906 934 1113 972 editionem
1142 945 1274 983 parare
1308 935 1497 971 constitui.
1551 934 1644 971 Inde
1671 935 1817 972 factum
1844 939 1917 983 est,
1944 939 1987 971 ut
2019 933 2025 938 '

245 1012 356 1039 omne
385 1002 524 1050 otium,
566 1001 667 1051 quod
700 1001 791 1038 mihi
819 1001 932 1038 uariis
958 1005 998 1038 et
1023 1001 1256 1050 grauissimis
1289 1001 1452 1049 negotiis
1486 1000 1653 1050 inpedito
1687 1005 1904 1050 supererat,
1945 1001 1986 1037 in

244 1068 339 1105 haec
368 1068 521 1104 oracula
546 1067 783 1116 conferrem,
819 1067 1046 1117 omninoque
1077 1067 1117 1103 in
1141 1066 1394 1104 recentiorum
1417 1070 1611 1116 poetarum
1639 1067 1836 1117 epicorum
1863 1070 1985 1104 artem

245 1135 441 1171 metricam
472 1133 772 1182 inuestigandam
809 1137 848 1170 et
880 1133 1136 1170 illustrandam
1171 1134 1436 1170 elocutionem.
1500 1133 1627 1182 Itaque
1659 1141 1747 1170 cum
1785 1134 1899 1170 amici
1919 1143 1984 1170 me

245 1199 400 1249 dignum
424 1199 664 1236 censuissent
688 1199 751 1236 cui
777 1210 915 1236 munus
943 1198 1208 1246 conscribendi
1233 1197 1349 1236 libelli
1377 1198 1605 1248 deferretur,
1639 1210 1716 1248 quo
1744 1198 1821 1248 Te,
1854 1199 1914 1236 uir
1939 1198 1983 1235 il-

245 1267 482 1313 lustrissime,
510 1267 585 1302 iam
612 1277 769 1303 munere
797 1265 1015 1313 cedentem,
1051 1267 1113 1303 cui
1139 1267 1223 1315 plus
1257 1266 1523 1314 quinquaginta
1550 1267 1657 1302 annis
1685 1267 1840 1314 egregie
1872 1277 1983 1314 prae·

244 1333 362 1382 fuisti,
390 1343 707 1382 prosequeremur
730 1336 769 1369 et
794 1332 945 1382 pietatis
968 1337 1119 1370 nostrae
1147 1332 1316 1381 gratique
1345 1332 1457 1368 animi
1485 1342 1574 1381 erga
1600 1330 1656 1369 Te
1681 1331 1855 1381 quamuis
1881 1332 1982 1369 exile

244 1403 530 1436 monumentum
559 1399 810 1448 erigeremus,
851 1398 932 1435 fieri
966 1410 1043 1435 non
1074 1399 1212 1448 potuit,
1253 1399 1341 1447 quin
1373 1399 1505 1434 horum
1542 1398 1752 1435 studiorum
1785 1399 1982 1447 specimen

245 1465 330 1502 Tibi
353 1476 615 1514 proponerem.
672 1465 836 1502 Primum
865 1465 964 1501 enim
987 1465 1095 1501 nefas
1122 1464 1257 1501 fuisset
1285 1469 1323 1501 et
1349 1465 1519 1512 religioni
1546 1464 1647 1501 aliud
1670 1465 1872 1514 quicquam
1895 1463 1982 1501 Tibi

245 1531 398 1580 offerre,
421 1542 532 1580 quam
551 1531 590 1568 in
618 1541 693 1580 quo
712 1535 793 1567 toto
817 1531 943 1567 animo
971 1542 1121 1567 omnem
1146 1541 1299 1580 operam
1323 1531 1508 1567 collocaui
1528 1534 1567 1567 et
1590 1531 1674 1580 plus
1698 1531 1876 1579 triennio,
1904 1530 1981 1567 for-

243 1604 346 1637 tasse
375 1597 550 1635 laudabili
579 1597 787 1647 diligentia,
822 1597 1014 1635 desudaui.
1070 1596 1218 1635 Deinde
1248 1608 1340 1634 uero
1368 1597 1476 1635 ualde
1504 1608 1590 1635 mea
1619 1597 1792 1635 interfuit
1817 1602 1859 1635 ut
1885 1598 1981 1635 haec

243 1665 379 1713 studia,
408 1669 606 1713 antequam
621 1666 726 1713 prelo
742 1664 1035 1713 diuulgarentur,
1064 1663 1160 1713 Tuo,
1189 1665 1246 1701 uir
1266 1664 1497 1713 doctissime,
1525 1663 1789 1701 subicerentur
1803 1665 1981 1713 examini,

243 1736 285 1769 ut
312 1732 345 1768 si
368 1730 457 1781 quid
475 1731 521 1767 iis
542 1731 698 1780 inesset,
726 1730 826 1780 quod
854 1729 937 1767 Tibi
963 1731 1143 1780 placeret,
1177 1730 1250 1767 hoc
1277 1729 1385 1768 nobis
1412 1730 1612 1780 indicares,
1644 1731 1705 1768 sin
1731 1742 1827 1781 quae
1855 1731 1981 1770 minus

241 1798 339 1835 bene
368 1797 453 1834 Tibi
480 1798 580 1834 facta
609 1797 837 1846 uiderentur,
865 1798 1088 1834 sententiam
1111 1797 1231 1834 Tuam
1256 1797 1453 1834 nobiscum
1480 1797 1641 1847 benigne
1664 1799 1980 1836 communicares.

242 1865 339 1902 Nam
368 1863 462 1900 bene
491 1865 572 1900 scio
600 1863 656 1900 Te
683 1868 724 1900 ut
750 1864 945 1900 minimum
975 1863 1096 1900 dicam
1124 1868 1280 1912 paterna
1307 1875 1457 1913 semper
1484 1863 1741 1901 beniuolentia
1774 1870 1850 1901 tam
1883 1867 1981 1903 meis

243 1942 354 1980 quam
380 1931 585 1966 amicorum
611 1929 744 1966 studiis
771 1929 996 1978 praefuisse,
1023 1929 1078 1965 Te
1107 1928 1215 1966 nobis
1241 1929 1414 1966 omnibus
1441 1941 1566 1979 neque
1594 1942 1636 1967 re
1659 1942 1782 1980 neque
1810 1933 1981 1969 consiliis

243 2008 419 2046 umquam
449 1995 626 2032 defuisse.
680 1994 854 2045 Denique
877 1996 1029 2032 oracula
1052 1994 1235 2043 Sibyllina
1261 1996 1342 2045 ipsa
1365 2007 1442 2033 non
1464 1996 1618 2046 indigna
1643 1996 1879 2046 uidebantur,
1898 1998 1979 2048 qui-

242 2062 312 2099 bus
341 2073 541 2111 parumper
576 2062 739 2098 animum
772 2060 895 2098 Tuum
923 2061 1162 2111 aduerteres,
1199 2073 1357 2111 quorum
1389 2068 1651 2111 argumentum
1687 2063 1734 2099 ad
1766 2064 1979 2114 philologos

244 2141 363 2179 aeque
388 2140 433 2165 ac
461 2129 658 2177 theologos
683 2129 855 2177 pertinet.
910 2128 1033 2166 Tuum
1057 2139 1150 2166 uero
1175 2140 1313 2166 nomen
1332 2130 1371 2166 in
1386 2130 1580 2179 utriusque
1597 2130 1738 2168 ordinis
1753 2131 1979 2180 primoribus

241 2198 315 2234 iam
349 2195 488 2232 dudum
517 2195 562 2231 ab
586 2195 759 2232 omnibus
786 2196 943 2232 relatum
972 2201 1040 2233 est.

348 2262 472 2311 Atque
510 2273 589 2299 rem
617 2262 669 2299 ita
694 2261 959 2299 instituendam
989 2273 1074 2299 esse
1103 2262 1254 2312 censui,
1292 2267 1331 2299 ut
1358 2263 1519 2312 primum
1545 2263 1591 2300 de
1629 2263 1825 2301 codicibus
1857 2275 1979 2314 pauca

242 2329 446 2379 praefatus,
461 2329 560 2364 uiam
584 2328 802 2374 indicarem,
825 2340 920 2377 quae
945 2330 983 2365 in
1012 2328 1167 2365 edendis
1196 2334 1234 2365 et
1253 2329 1498 2366 emendandis
1522 2331 1684 2367 oraculis
1704 2331 1794 2367 mihi
1813 2333 1979 2369 tenenda

242 2395 454 2444 uideretur,
496 2394 631 2432 deinde
661 2396 898 2431 oraculorum
931 2394 1062 2431 librum
1091 2395 1251 2443 primum
1288 2395 1443 2432 ederem
1471 2396 1677 2445 integrum,
1717 2402 1912 2446 postremo
1939 2400 1979 2436 in

242 2461 484 2499 adnotatione
521 2461 650 2498 critica
686 2461 892 2511 scripturae
932 2462 1147 2498 immutatae
1175 2462 1357 2498 rationem
1386 2462 1597 2500 redderem.
1660 2463 1823 2502 Codices
1852 2470 1979 2503 autem

244 2530 482 2566 oraculorum
522 2540 635 2565 manu
671 2528 800 2576 scripti
840 2533 1022 2577 quotquot
1067 2533 1196 2566 extant
1236 2540 1369 2566 omnes
1416 2534 1571 2567 recente
1609 2530 1813 2568 admodum
1854 2538 1976 2569 aetate
