2189 2978
997 155 1048 194 21

146 265 243 306 tinui
272 263 465 313 antiquam
492 262 716 327 scripturam
739 261 875 300 additis
901 263 1141 314 corruptelae
1168 263 1372 302 asteriscis.
1408 262 1577 301 fortasse
1606 257 1811 314 legendum
1840 268 1903 302 est

148 316 299 369 ὀνδριίὄν
323 317 498 366 ποιήσας,
525 318 613 358 τοῖς.
640 321 811 355 ceterum
837 321 945 356 recte
970 316 1098 356 Anon.
1125 316 1210 356 Par.
1231 313 1418 356 ‘uidetur'
1440 315 1596 368 inquit‘
1604 318 1638 356 is
1663 329 1803 356 uersus
1830 329 1898 356 ex-

147 371 376 424 pungendus
403 374 470 412 aut
495 375 601 409 certe
628 371 764 408 melius
777 367 1033 436 abesset³.i11³
1049 372 1224 421 proximo
1250 383 1387 410 uersus
1408 372 1576 409 fortasse
1602 371 1700 413 θεός
1719 383 1813 410 cum
1836 382 1898 409 re-

148 424 382 464 centioribus
408 423 514 463 libris
541 423 789 462 omittendum
813 424 895 463 fuit.
925 420 1033 473 632³
1057 424 1189 464 v.1·23
1208 425 1426 464 necessaria
1447 425 1553 475 eguit
1577 426 1895 464 comestione.-

148 479 301 518 V.130
325 478 458 528 recepi
483 478 627 515 uariam
653 478 858 516 lectionem
884 477 1106 516 inTurncbi
1128 477 1226 516 libro
1245 479 1404 529 margini
1418 478 1659 529 adscriptam,
1673 478 1896 517 Alexandro

148 537 249 571 teste
276 530 472 596 probatam
499 531 645 569 Aurato
674 536 714 569 et
739 531 815 569 An.
841 530 926 570 Par.
957 537 1112 582 propter
1142 536 1316 570 metrum.
1359 532 1470 570 codd.
1504 537 1548 570 ut
1574 532 1728 570 uidetur
1760 543 1896 570 omnes

149 584 194 635 ἢν
221 585 265 623 δέ
283 598 328 634 γε
355 597 433 622 ουκ.
461 605 512 612 —-
546 585 595 623 V.
626 585 704 624 1:32
730 589 820 623 antt.
853 585 964 623 codd.
997 584 1137 623 habent
1171 581 1244 622 τιν’
1270 585 1372 635 quod
1399 586 1550 623 correxi
1582 591 1622 624 et
1653 587 1693 623 in
1719 586 1896 635 proximo

150 650 267 678 uersu
296 638 419 686 δόμον
449 638 551 689 quod
578 638 794 677 emendauit
827 638 967 689 Opsop.
991 659 1043 666 —
1079 639 1128 676 V.
1156 638 1231 676 135
1263 639 1348 676 libri
1386 639 1453 676 καὶ
1484 639 1634 676 κόλπον
1668 638 1772 689 quod
1803 639 1896 676 mihi

149 694 289 731 falsum
318 693 440 731 uisum
469 697 540 730 est.
569 691 616 730 de
639 692 888 742 productione
911 704 949 731 v.
968 692 1016 729 ad
1034 704 1072 731 v.
1091 693 1155 730 21.
1176 692 1246 730 sed
1271 697 1403 730 contra
1430 697 1592 730 metrum
1621 697 1681 730 est
1708 693 1896 743 scriptura

151 751 229 784 tam
254 751 347 784 antt.
376 745 487 783 codd.
519 746 559 783 in
585 758 623 784 v.
653 747 749 784 137.
782 744 861 792 εἰμὶ
883 742 921 782 δ’
945 745 1022 793 ἐγώ
1050 744 1072 782 ὅ
1101 743 1170 791 ὤν,
1207 757 1318 796 quam
1353 757 1453 783 recc.
1483 745 1561 794 ειμῐ
1587 743 1670 783 δ’*
1645 758 1768 794 εγωγε
1791 744 1815 783 ὅ
1839 744 1896 783 ὧν

151 811 350 852 perperam
378 811 499 850 nuper
525 798 682 850 probata
708 798 753 836 ab
767 799 996 837 Alexandro.
1023 811 1073 837 ne
1088 799 1233 849 Opsop.
1254 799 1406 850 quidem
1434 800 1651 838 emendatio
1672 798 1750 849 εἰμὶ
1764 797 1803 837 δ’
1817 798 1895 847 ἐγὼ

152 853 175 891 ὖ
205 853 278 892 ἐων
304 865 396 892 sana
427 858 506 901 est,
534 853 604 891 sed
638 854 808 918 proxime
833 853 942 891 abest
975 864 999 890 a
1021 864 1127 891 uero.
1181 852 1241 891 De
1269 866 1306 892 v.
1337 854 1413 890 139
1442 854 1492 891 cf.
1514 853 1664 892 dissert.
1693 866 1729 904 p.
1751 853 1814 892 25.
1839 874 1894 882 -

151 908 202 946 V.
233 908 309 946 140
336 907 445 946 Alex.
475 907 625 945 sustulit
647 903 693 945 δ’.
722 907 792 945 sed
809 907 905 944 hanc
932 907 1153 957 particulam
1180 910 1268 956 post
1295 912 1463 956 quartam
1491 909 1555 944 vel
1582 908 1751 957 quintam
1772 918 1892 945 enun-

151 962 234 999 tiati
260 961 391 998 sedem
420 962 621 1009 collocare,
648 972 771 1010 neque
800 960 966 1008 Sibyllae
993 962 1196 997 molestum
1224 960 1313 1008 fuit,
1350 971 1475 1009 neque
1504 961 1587 997 aliis
1613 959 1891 998 recentioribus

151 1015 290 1065 poetis,
316 1014 364 1051 de
387 1024 462 1079 qup
483 1012 686 1052 Hermann.
716 1013 809 1051 dixit
833 1013 879 1050 ad
908 1013 1039 1063 Orph.⁷
1065 1024 1191 1062 neque
1218 1013 1310 1063 ipsis
1339 1013 1464 1062 poetis
1490 1013 1770 1052 Alexandrinis.

256 1068 304 1105 V.
323 1057 399 1105 150
421 1064 661 1117 ἅπιοτόκοροι
687 1079 766 1105 vox
779 1066 963 1115 Sibyllina
986 1067 1069 1103 sine
1097 1078 1226 1103 sensu.
1251 1066 1349 1103 redit
1375 1072 1502 1103 tamen
1527 1079 1565 1105 v.
1584 1068 1659 1105 177
1689 1072 1729 1104 et
1753 1067 1846 1105 329.
1867 1079 1891 1104 e

151 1122 256 1158 uaria
282 1121 468 1171 scriptura
496 1099 748 1168 α’πιστόφυλοι
785 1119 834 1157 ad
866 1131 904 1158 v.
935 1120 1010 1158 177
1046 1123 1176 1156 notata
1207 1119 1298 1156 nihil
1337 1119 1564 1169 proficimus.
1605 1120 1715 1158 Alex.
1743 1120 1893 1171 putauit

150 1187 173 1213 e
201 1173 472 1224 posterioribus
499 1173 602 1212 libris
630 1173 869 1211 scribendum
900 1185 987 1211 esse
1021 1169 1316 1233 anlnovdxo9oc3
1347 1173 1585 1211 insatiabiles.
1620 1175 1660 1210 in
1702 1179 1889 1223 sequente

149 1239 265 1265 uersu
294 1227 533 1265 scribendum
561 1227 633 1264 fuit
663 1238 776 1264 οσσον
808 1225 998 1277 ἐπράξατε
1028 1237 1078 1263 ne
1106 1237 1242 1263 uersus
1280 1226 1361 1263 sine
1389 1227 1554 1275 legitima
1583 1237 1744 1264 caesura
1772 1231 1888 1264 esset.

150 1282 266 1330 uulgo
295 1277 379 1317 36⁶³
400 1279 597 1329 ἐπραξατε
615 1300 664 1306 —-
697 1279 746 1317 V.
765 1280 838 1317 161
868 1284 958 1317 antt.
987 1279 1097 1316 codd.
1133 1278 1271 1316 habent
1305 1278 1547 1343 τετραπόδων
1578 1292 1617 1316 τε
1644 1282 1811 1328 πτηνῶν,
1839 1280 1892 1320 ὡς

151 1334 253 1383 quod
280 1333 493 1381 emendam,
518 1333 670 1381 syntaxi
698 1333 790 1370 dura
814 1344 891 1369 non
912 1333 1018 1370 falsa.
1034 1355 1086 1359 —
1113 1332 1161 1369 V.
1186 1332 1258 1369 163
1282 1333 1420 1369 retinui
1447 1329 1484 1369 δ’
1502 1338 1591 1382 post
1615 1334 1787 1383 φοβεράν
1800 1345 1890 1371 cum

149 1386 390 1436 Friedliebio
418 1398 505 1422 nam
533 1398 647 1435 saepe
669 1385 710 1422 δέ
729 1390 769 1423 in
788 1387 951 1423 oraculis
975 1390 1039 1423 aut
1056 1387 1133 1423 uim
1148 1387 1398 1449 copulatiuam
1422 1385 1546 1434 habet,
1575 1391 1616 1423 ut
1639 1387 1741 1436 apud
1755 1392 1891 1436 poetas

150 1440 429 1477 Alexandrinos
456 1439 556 1476 haud
579 1450 735 1488 paucos,
760 1444 825 1475 aut
851 1450 1006 1488 prorsus
1034 1439 1205 1476 abundat
1233 1435 1437 1481 ὄλολί-ξατε
1459 1450 1684 1488 quamquam
1710 1441 1750 1476 in
1778 1439 1889 1476 bonis

149 1492 253 1530 libris
281 1494 418 1542 legitur
449 1492 539 1530 ferri
566 1504 642 1529 non
669 1493 799 1542 potuit.
826 1512 878 1519 —
911 1491 956 1529 V.
986 1492 1062 1530 170
1090 1492 1277 1541 uulgatam
1305 1492 1527 1541 scripturam
1561 1489 1716 1543 πράττει
1743 1493 1890 1531 mutaui

151 1558 249 1595 cum.
266 1547 374 1584 Alex.
403 1552 556 1595 propter
597 1547 773 1594 syntaxin
809 1550 848 1583 et
875 1546 930 1583 sic
970 1546 1008 1582 in
1048 1545 1122 1582 fine
1149 1546 1212 1592 εἴη.
1251 1557 1337 1581 nam
1373 1547 1530 1582 alterum
1559 1548 1718 1583 alterum
1745 1547 1890 1584 librarii

149 1601 280 1636 uitium
309 1600 431 1637 traxit.
460 1621 505 1625 ——
535 1599 582 1636 V.
615 1600 690 1637 173
717 1600 756 1636 in
782 1599 1112 1648 praestantissimis
1140 1598 1248 1636 codd.
1276 1599 1428 1636 mutilus
1457 1604 1526 1636 est.
1557 1596 1672 1640 αῗθις
1691 1600 1839 1650 quodL
1854 1600 1888 1637 R

150 1653 292 1690 addunt
320 1658 406 1702 post
431 1650 560 1697 πάλιν,
602 1663 816 1689 sermonem
843 1654 954 1689 nimis
993 1652 1181 1700 turgidum
1215 1652 1358 1697 reddit,
1394 1653 1518 1701 itaque
1548 1654 1707 1689 lacunae
1738 1655 1888 1702 signum

150 1707 271 1755 posui.
300 1706 422 1743 hiatus
450 1706 488 1741 in
516 1706 683 1742 clausula
711 1716 845 1742 uersus
880 1710 1082 1742 excusatur
1111 1705 1262 1741 nomine
1298 1705 1462 1753 proprio.
1491 1725 1543 1731 —
1577 1705 1625 1743 V.
1654 1707 1732 1744 176
1760 1706 1887 1743 adiec-

150 1760 268 1796 tiuum
297 1757 516 1808 ἄρπασιαῖοι
544 1758 644 1806 quod
671 1759 709 1794 in
737 1757 910 1794 omnibus
938 1758 1046 1794 codd
1075 1758 1223 1806 legitur
1256 1758 1444 1794 Graecum
1472 1769 1549 1794 non
1572 1764 1632 1795 est
1658 1761 1776 1795 immo
1805 1759 1888 1795 bar-

150 1811 240 1847 bare
276 1811 488 1847 formatum.
531 1811 668 1846 collato
704 1810 930 1857 V111‚185:
972 1806 1165 1857 α’στασίῃσι
1205 1811 1377 1859 τύραννοι
1417 1808 1645 1860 ιεμαρτωλοί
1680 1824 1719 1847 τε
1752 1810 1889 1859 βίαιοι,

151 1865 300 1901 conieci
327 1862 559 1913 ἄρπασμοῖσι
586 1864 758 1913 τύραννοι
784 1863 885 1911 quod
911 1874 959 1899 ne
992 1873 1093 1899 nunc
1125 1862 1275 1911 quidem
1309 1862 1492 1911 displicet.
1536 1864 1606 1900 sed
1648 1864 1798 1901 datiuus
1836 1865 1890 1901 ita

150 1918 295 1966 positus
323 1917 431 1953 Alex.
461 1915 635 1964 offendit,
677 1916 739 1964 qui
767 1921 924 1964 utroque
957 1916 997 1951 in
1031 1917 1120 1951 loco
1154 1912 1321 1964 ἅρπαγες
1347 1912 1410 1962 ἠδὲ
1438 1916 1612 1964 τύραννοι
1645 1917 1889 1954 scribendum

151 1981 238 2007 esse
266 1970 426 2017 censuit,
453 1968 554 2018 quod
581 1974 707 2005 tamen
734 1969 844 2005 nimis
871 1980 894 2004 a
921 1967 1031 2006 codd
1059 1969 1229 2016 uestigiis
1256 1968 1412 2006 recedit.
1435 1971 1653 2019 corruptela
1674 1970 1888 2008 manifesta.

150 2023 299 2060 medela
326 2022 437 2060 dubia
470 2027 509 2059 et
544 2022 696 2059 incerta.
725 2022 849 2071 itaque
877 2021 968 2058 nihil
1000 2022 1039 2058 in
1065 2026 1171 2058 textu
1203 2023 1356 2059 mutaui.
1385 2043 1436 2050 —
1478 2022 1526 2060 V.
1559 2021 1634 2060 181
1667 2025 1706 2060 111
1739 2023 1889 2061 duobus

151 2077 481 2127 praestantissimis
509 2075 618 2112 codd
649 2075 685 2111 A
705 2074 734 2111 B
762 2076 898 2122 legitur
924 2071 1055 2110 κλάετ’
1082 2079 1257 2124 correpto
1281 2089 1306 2110 α
1333 2080 1374 2112 111
1401 2076 1501 2124 apud
1523 2076 1686 2113 Theocr.
1702 2076 1811 2125 XIV,
1825 2077 1890 2116 32.

151 2130 219 2168 sed
243 2130 282 2166 in
308 2129 365 2167 his
393 2133 503 2167 caute
531 2128 717 2178 agendum
746 2132 814 2167 est.
842 2128 967 2177 itaque
996 2128 1218 2178 scripturam
1246 2128 1330 2165 cod.
1359 2127 1409 2166 Pr
1436 2129 1586 2167 retinui.
1616 2143 1655 2166 αι
1681 2131 1720 2167 111
1752 2130 1891 2168 mediis

151 2183 348 2221 uocabulis
376 2195 462 2219 cum
489 2183 641 2230 reliquis
668 2182 905 2230 diphthongis
933 2188 972 2218 et
995 2182 1117 2229 longis
1146 2181 1339 2218 uocalibus
1367 2183 1407 2217 in
1436 2182 1630 2229 Sibyllinis
1646 2195 1774 2246 saepe
1803 2195 1889 2219 cor—

150 2237 293 2286 ripitur,
321 2236 370 2272 cf.
400 2235 548 2272 dissert.
586 2246 622 2284 p.
648 2234 684 2271 9.
713 2254 765 2259 —
806 2234 855 2271 V.
889 2233 960 2271 185
997 2233 1158 2271 fortasse
1194 2233 1435 2272 scribendum
1461 2235 1600 2274 fuisset
1632 2231 1839 2285 αδιψήτῃσι
1865 2247 1890 2275 e

151 2290 261 2328 codd
288 2289 337 2328 Pr
357 2289 393 2327 A
413 2288 456 2338 B,
484 2300 571 2325 nam
599 2299 714 2337 saepe
741 2292 878 2337 poetae
906 2287 1150 2326 Alexandrini
1175 2288 1373 2325 adiectiuis
1402 2288 1559 2326 duarum
1582 2291 1891 2327 terminationum

149 2345 297 2380 tertiam
326 2342 557 2379 addiderunt.
587 2340 657 2378 sed
683 2341 722 2377 in
748 2341 902 2390 reliquis
928 2341 1024 2378 locis
1043 2351 1195 2404 semper
1214 2340 1431 2389 Sibyllistae
1450 2340 1633 2379 habent
1610 2356 1648 2388 o,
1660 2339 1892 2392 ἧᾶδίψητος.

149 2418 202 2424 —
229 2396 278 2433 V.
296 2397 372 2434 185
400 2394 510 2432 codd.
539 2395 761 2443 scripturam
788 2396 854 2429 καὶ
880 2394 1010 2435 πόλεις
1031 2389 1258 2445 αὐτάνδρους
1282 2395 1426 2432 mutaui
1444 2400 1598 2445 propter
1617 2401 1794 2446 metrum,
1814 2407 1893 2447 quo

149 2450 253 2488 facto
280 2461 404 2499 neque
434 2450 473 2486 in
494 2446 663 2485 σκεδάσει
675 2459 799 2496 neque
826 2448 983 2484 1ιιλύσει
1005 2459 1042 2486 v.
1066 2446 1142 2485 188
1166 2447 1436 2485 offendendum
1461 2455 1551 2486 erat.
1581 2450 1709 2498 quod
1698 2462 1739 2486 m
1752 2450 1893 2487 eodem

147 2513 261 2539 uersu
287 2502 348 2539 Pr.
376 2501 596 2548 εινοσίγαιος
622 2499 793 2549 exhibet,
833 2500 906 2536 hoc
934 2503 1040 2537 certe
1073 2498 1239 2537 notabile
1274 2504 1333 2537 est
1373 2500 1443 2538 sed
1478 2512 1680 2552 perperam
1706 2513 1731 2539 a
1757 2501 1892 2541 Fried-

147 2555 263 2595 liebio
290 2559 498 2605 receptum.
526 2574 579 2582 -
612 2553 661 2592 V.
689 2553 766 2591 198
797 2554 994 2604 proposuit
1021 2552 1097 2592 An.
1123 2552 1243 2592 Lond.
1272 2549 1484 2604 αρχομένην
1517 2557 1636 2593 πάλιν
1666 2553 1792 2598 αὖθις.
1822 2556 1893 2595 sed

146 2621 225 2647 non
252 2620 349 2659 opus
377 2613 437 2646 est
463 2608 712 2657 correctione,
740 2606 790 2643 cf.
818 2611 896 2644 not.
925 2606 974 2644 ad
1000 2618 1038 2646 v.
1066 2607 1103 2646 5.
